2090 2958
1037 235 1059 269 9

210 334 242 377 2,
254 334 304 367 23.
331 333 382 376 12,
395 333 445 375 16,
456 333 477 365 9
491 331 650 375 „eductae
662 331 761 364 altius
774 337 884 364 turres
906 331 1038 364 facibus
1053 336 1154 375 atque
1166 330 1270 363 hastis
1284 330 1468 363 turbabant
1482 328 1654 363 obsessos“
1677 329 1713 362 id
1730 330 1881 363 turribus

211 385 379 428 tribuitur,
402 383 493 429 quod
524 384 673 417 homines
710 394 752 416 ex
785 384 832 416 eis
864 383 999 416 faciunt.
1028 401 1073 406 —
1105 383 1159 416 De
1188 383 1262 416 aliis
1290 382 1401 424 rebus,
1423 393 1511 426 quae
1531 381 1618 415 hanc
1641 382 1805 415 rationem
1828 393 1879 415 se—

211 442 359 481 quuntur
382 437 538 479 0112243
559 436 654 469 miles
677 435 765 468 fame
787 435 994 479 absumptus,
1017 435 1080 468 nisi
1103 446 1188 479 quos
1222 446 1365 479 corpora
1393 445 1556 478 equorum
1577 459 1585 466 .
1610 458 1619 467 .
1641 433 1878 468 toleraverant.

213 489 387 533 16,10,14
411 488 593 531 (alimenta)
617 498 704 532 quae
724 491 866 520 mortem
887 492 1046 520 arcerent.
1092 487 1121 530 1,
1137 488 1188 530 10,
1202 487 1231 520 7.
1266 486 1316 529 13,
1334 486 1385 529 16,
1401 486 1430 519 8.

368 541 468 575 Locis
477 541 508 583 *)
531 541 650 574 tribuit
672 540 838 573 actionem
851 539 885 573 D
900 540 982 583 12,1
1004 551 1140 573 nemora
1162 546 1195 573 et
1217 540 1284 572 luci
1308 545 1341 572 et
1365 544 1531 572 secretum
1553 539 1662 582 ipsum
1676 564 1683 571 .
1700 564 1707 571 .
1724 539 1882 573 adferunt

210 593 427 637 voluptatem.
471 593 504 626 G
527 592 631 635 16,13
652 592 799 635 rigorem
820 591 982 635 frigorum
1012 592 1083 628 eius
1111 591 1201 625 modi
1233 592 1299 624 loci
1319 591 1482 624 molliunt.
1526 590 1605 622 Alia
1638 590 1879 634 significatione

214 644 346 688 „locus“
370 645 493 689 legitur
514 644 576 687 ΙΠ,
591 644 644 686 51,
657 643 698 677 13
718 654 772 677 res
794 643 954 688 locusque
976 643 1129 688 exempla
1151 644 1235 677 recti
1259 670 1266 677 .
1289 669 1296 676 .
1319 648 1444 688 poscet.
1487 641 1646 685 111‚17,7
1671 643 1756 675 iuvit
1777 642 1879 676 locus.

211 695 255 738 V,
273 697 323 738 11,
337 697 377 729 16
392 697 450 730 ubi
465 708 560 729 mons
581 697 728 729 iuvisset.
760 696 810 738 12,
822 695 874 735 55,
886 696 906 729 8
929 695 1004 728 duri
1028 696 1153 728 circum
1175 695 1240 729 loci
1257 721 1264 728 .
1281 721 1287 727 .
1305 700 1458 739 equestre
1476 694 1642 739 proelium
1664 694 1754 727 haud
1777 696 1879 738 patie-

211 748 344 782 bantur.
369 749 398 790 1,
407 748 511 791 64,18
524 748 760 793 porrigebatur
774 748 938 793 planities,
953 758 1039 792 quae
1054 753 1188 781 tenuem
1203 748 1309 781 aciem
1323 752 1503 791 pateretur.
1532 746 1671 790 111,35,2
1683 745 1835 780 adsidere
1852 772 1859 779 .
1872 772 1880 780 .

212 801 306 834 urbis
332 801 436 833 ruinis
459 825 466 833 .
487 826 494 833 .
517 800 636 833 humus
667 799 756 833 haud
781 800 839 834 diu
870 800 1030 845 permisit.
1077 800 1127 842 13,
1140 800 1193 842 35,
1207 800 1247 833 12
1279 799 1387 831 hieme
1409 809 1510 832 saeva
1532 798 1627 841 adeo,
1660 804 1698 832 ut
1734 798 1881 832 obducta

211 852 320 896 glacie
339 853 402 885 nisi
425 852 544 886 effossa
565 852 683 886 humus
705 853 856 886 tentoriis
878 852 990 886 locum
1017 863 1084 886 non
1105 852 1292 897 praeberet.
1335 850 1378 894 V,
1395 851 1445 894 13,
1462 851 1502 884 18
1525 850 1658 896 quando
1679 851 1824 896 impetus
1848 856 1882 885 et

214 905 326 939 subita
348 905 429 938 belli
451 905 545 939 locus
568 905 737 939 abnueret.
782 904 864 938 Lex.
887 904 966 938 Tac.
989 904 1088 938 docet
1116 904 1190 938 aliis
1217 904 1299 937 locis
1326 904 1467 937 verbum
1497 903 1664 937 abnuendi
1693 904 1756 937 nisi
1777 903 1879 937 homi—

213 957 312 989 nibus
334 969 400 990 non
424 957 567 1001 adiungi.
612 958 674 999 ΙΙΙ,
699 958 752 997 84,
775 958 818 990 23
851 958 885 989 in
921 957 1088 990 Palatium
1108 956 1297 999 regreditur
1319 962 1451 988 vastum
1474 955 1737 1000 desertumque..
1753 982 1761 989 .
1778 962 1882 989 terret

213 1008 358 1042 solitudo
375 1014 408 1042 et
422 1014 570 1042 tacentes
585 1009 659 1042 loci.
690 1008 786 1052 G43,
801 1009 821 1042 9
845 1008 965 1042 scindit
986 1008 1143 1042 Suebiam
1165 1009 1358 1041 continuum
1369 1008 1531 1041 montium
1542 1008 1665 1052 iugum.
1688 1007 1813 1050 2,19,7
1826 1007 1881 1041 de-

213 1060 322 1103 ligunt
342 1061 453 1093 locum
476 1086 483 1093 .
510 1087 516 1093 .
540 1061 631 1094 silvis
654 1061 802 1094 clausum
824 1086 832 1093 .
855 1074 880 1094 .:
915 1061 1016 1094 silvas
1039 1060 1206 1105 profunda
1237 1060 1334 1104 palus
1357 1060 1516 1092 ambibat.
1559 1060 1612 1101 20,
1633 1060 1674 1092 14
1702 1059 1830 1093 hostem
1861 1072 1881 1093 a

213 1118 308 1157 tergo
344 1112 457 1157 palus,
493 1112 659 1146 Romanos
691 1113 813 1146 flumen
843 1118 900 1146 aut
921 1119 1050 1146 montes
1073 1111 1282 1146 claudebant.
1326 1111 1369 1154 V,
1386 1112 1436 1150 19,
1451 1112 1492 1144 10
1525 1111 1619 1144 velut
1641 1112 1760 1145 abacto
1784 1123 1880 1145 amne

213 1165 322 1197 tenuis
345 1165 459 1198 alveus
478 1190 485 1197 .
507 1190 515 1197 .
537 1166 775 1197 continentium
796 1172 962 1198 terrarum
985 1166 1129 1209 speciem
1151 1164 1286 1197 fecerat.
1319 1163 1379 1206 IV,
1392 1164 1444 1203 62,
1457 1164 1497 1196 12
1519 1163 1646 1196 detexit
1669 1165 1882 1208 ignominiam

214 1228 351 1261 campus
373 1223 406 1250 et
429 1217 507 1249 dies.
539 1216 581 1258 V,
595 1217 625 1259 6,
646 1217 685 1249 11
710 1228 840 1249 amnem
860 1216 1027 1249 Iordanen
1049 1217 1108 1250 alit
1130 1216 1305 1260 funditque
1327 1216 1385 1257 (sc.
1407 1216 1557 1249 Libanus
1581 1217 1699 1258 mons).
1728 1217 1824 1259 4‚67;
1839 1217 1880 1249 12

213 1269 451 1314 prospectabat
479 1268 536 1310 (sc.
564 1268 685 1310 insula)
714 1268 973 1313 pulcherrimum
1006 1269 1129 1312 sinum,
1166 1273 1344 1313 antequam
1377 1266 1544 1300 Vesuvius
1576 1279 1671 1301 mons
1707 1268 1882 1302 ardescens

221 1321 342 1354 faciem
363 1321 428 1355 loci
450 1326 605 1354 verteret.
651 1321 702 1363 12,
716 1321 768 1361 35,
780 1321 801 1354 2
823 1320 972 1354 additum
990 1321 1126 1363 vallum,
1147 1321 1351 1354 imminentia
1373 1321 1452 1364 iuga
1464 1346 1471 1353 .
1484 1346 1491 1353 .
1504 1321 1711 1363 (terrebant).
1748 1320 1881 1364 IV‚83,8

215 1385 301 1418 quae
325 1374 382 1414 (sc.
406 1373 514 1415 sedes)
539 1375 723 1418 excepisset
749 1374 807 1415 (sc.
822 1373 962 1417 effigiem
986 1374 1062 1416 dei).
1097 1375 1125 1417 1,
1137 1374 1190 1416 23,
1208 1374 1249 1407 14
1264 1379 1392 1407 ceteros
1406 1373 1556 1407 latebrae
1571 1379 1694 1406 texere.
1729 1374 1779 1416 14,
1793 1374 1846 1417 58,
1860 1374 1882 1407 2

214 1426 359 1470 spatium
394 1426 520 1459 itineris
555 1437 595 1459 ac
626 1427 726 1459 maris
755 1451 762 1459 .
790 1450 798 1458 .
825 1432 975 1459 moverat
1005 1426 1135 1459 famam.
1163 1444 1207 1449 --
1235 1426 1267 1459 G
1295 1426 1326 1468 5,
1340 1426 1360 1458 8
1385 1425 1511 1458 nullam
1537 1425 1737 1459 Germaniae
1763 1437 1883 1460 venam

214 1484 389 1521 argentum
418 1503 425 1510 .
454 1503 461 1510 .
474 1508 477 1511 ,
490 1479 635 1521 gignere.
680 1478 804 1511 Audax
836 1478 1081 1522 personificatio
1120 1479 1287 1511 invenitur
1323 1478 1355 1512 G
1378 1478 1464 1519 30,4
1494 1476 1635 1511 Chattos
1667 1489 1744 1511 suos
1778 1479 1882 1512 saltus

213 1529 403 1573 Hercynius
424 1531 637 1574 prosequitur
658 1555 665 1562 .
689 1555 695 1562 .
719 1542 759 1563 ac
782 1529 927 1575 deponit.
971 1530 1170 1563 Insolentius
1190 1530 1274 1563 dixit
1297 1531 1397 1563 etiam
1411 1530 1443 1572 4,
1456 1529 1509 1572 59,
1526 1529 1548 1562 5
1570 1530 1641 1562 eius
1665 1530 1723 1571 (sc.
1747 1532 1878 1574 specus)

215 1593 253 1615 os
274 1582 377 1625 lapsis
398 1587 536 1626 repente
558 1583 647 1614 saxis
669 1583 781 1615 obruit
804 1581 966 1626 quosdam
993 1583 1168 1615 ministros.
1212 1582 1254 1624 V,
1266 1582 1319 1624 23,
1332 1582 1353 1614 6
1376 1582 1490 1614 Mosae
1514 1593 1551 1614 os
1578 1593 1708 1614 amnem
1730 1582 1882 1616 Rhenum

215 1633 350 1667 Oceano
376 1633 535 1667 adfundit.
581 1632 797 1666 Communem
819 1633 951 1667 dicendi
986 1633 1256 1667 consuetudinem
1278 1639 1412 1667 secutus
1435 1639 1485 1666 est
1506 1634 1537 1675 2,
1550 1633 1581 1675 6,
1597 1634 1637 1666 19
1659 1634 1799 1676 (Mosae)
1822 1635 1881 1667 im-

214 1697 329 1719 menso
353 1697 410 1719 ore
433 1712 440 1718 .
461 1711 468 1718 .
490 1686 525 1719 in
546 1685 717 1719 Oceanum
742 1685 922 1719 effunditur
945 1686 1002 1728 (sc.
1025 1686 1181 1728 Rhenus).
1225 1685 1376 1719 Verbum
1405 1685 1572 1731 strependi
1603 1685 1646 1718 ad
1673 1686 1748 1719 loca
1775 1692 1882 1720 trans-

215 1739 332 1780 fertur,
353 1740 412 1771 ubi
433 1740 590 1783 strepitus
611 1739 649 1772 fit
668 1739 713 1781 H,
728 1740 780 1779 62,
796 1740 817 1772 6
838 1740 1062 1783 strepentibus
1078 1740 1120 1773 ab
1135 1746 1278 1783 utroque
1291 1740 1373 1772 mari
1389 1740 1570 1772 itineribus.
1605 1739 1659 1781 84,
1675 1740 1691 1772 1
1715 1751 1884 1773 armorum

215 1796 337 1836 paratu
358 1796 506 1834 strepere
527 1791 728 1835 provinciae.
772 1791 882 1823 Minus
896 1790 1076 1823 insolenter
1095 1791 1216 1824 dicitur
1228 1792 1259 1833 2,
1270 1791 1357 1833 23,4
1370 1802 1495 1834 aequor
1516 1791 1607 1823 mille
1629 1792 1763 1823 navium
1785 1793 1885 1825 remis

216 1850 373 1889 strepere.
405 1843 459 1876 De
472 1842 504 1876 A
518 1843 568 1882 12,
582 1843 622 1877 13
637 1849 806 1886 „extrema
819 1848 852 1876 et
873 1842 975 1887 plana
996 1848 1162 1877 terrarum
1183 1843 1299 1877 humili
1322 1844 1441 1878 umbra
1463 1855 1530 1877 non
1554 1844 1685 1888 erigunt
1706 1843 1883 1879 tenebras“

217 1897 258 1929 cf.
295 1897 413 1939 interp.
468 1895 524 1928 Ab
561 1896 611 1928 his
646 1896 729 1928 locis
756 1895 893 1940 paulum
924 1895 1035 1928 differt
1068 1896 1101 1928 D
1123 1897 1176 1938 38,
1189 1897 1209 1929 3
1243 1897 1485 1940 „eloquentiam
1517 1895 1601 1928 illud
1635 1896 1745 1928 forum
1778 1899 1886 1940 magis

217 1945 429 1981 exercebat“:
451 1946 498 1979 ibi
520 1947 571 1979 vis
593 1948 702 1991 posita
726 1953 776 1980 est
797 1958 863 1980 non
884 1947 919 1979 in
939 1946 1014 1979 loco
1037 1948 1121 1991 ipso,
1143 1947 1202 1980 sed
1223 1947 1259 1980 id
1281 1947 1412 1990 dicitur,
1436 1947 1544 1991 qualis
1568 1947 1773 1981 consuetudo
1794 1954 1884 1982 vete-

216 2000 263 2032 ris
287 1999 351 2032 fori
375 1998 484 2031 fuerit.

373 2050 469 2091 Mari,
502 2049 708 2093 fluminibus,
741 2051 820 2095 igni,
848 2051 956 2084 ventis
989 2051 1147 2084 tribuitur
1176 2051 1262 2084 actio
1298 2050 1330 2083 A
1355 2051 1404 2093 10,
1425 2051 1469 2083 24
1503 2062 1669 2095 nusquam
1701 2051 1800 2084 latius
1829 2051 1886 2085 do-

216 2104 335 2136 minari
372 2113 482 2144 mare,
519 2101 661 2135 multum
697 2103 869 2136 fluminum
905 2103 970 2136 huc
1009 2109 1109 2147 atque
1144 2103 1225 2136 illue
1260 2103 1356 2135 ferre.
1416 2102 1448 2136 Gr
1473 2104 1501 2145 1,
1524 2103 1545 2136 3
1585 2109 1696 2136 cetera
1733 2102 1888 2138 Oceanus

374 2223 404 2259 ὕ)
430 2222 511 2250 Caes.
536 2222 564 2249 b.
582 2231 611 2258 g.
631 2222 714 2254 1,1‚2
739 2222 840 2250 Gallos
866 2223 904 2250 ab
932 2223 1093 2259 Aquitania
1112 2223 1268 2251 Garumma
1293 2223 1399 2251 flumen
1422 2223 1536 2250 dividit.
1572 2224 1596 2256 2,
1606 2223 1632 2250 3.
1658 2223 1700 2256 33,
1710 2223 1736 2250 4.
1760 2224 1810 2257 8‚1
1836 2225 1887 2260 qui

218 2266 371 2301 (sc-mons)
377 2265 449 2293 fines
456 2266 652 2300 Sequanorum
661 2265 698 2292 ab
705 2265 848 2293 Helvetiis
861 2266 974 2293 dividit.
993 2267 1017 2299 5,
1030 2267 1071 2299 11,
1081 2267 1106 2293 8.
1121 2267 1143 2299 1,
1154 2267 1196 2298 38,
1206 2267 1233 2293 4.
1248 2268 1270 2298 7,
1277 2268 1319 2299 59,
1326 2267 1351 2293 6.
1362 2267 1428 2299 68,2
1440 2275 1521 2293 mons
1530 2266 1671 2299 Cevenna,
1685 2267 1735 2302 qui
1743 2266 1890 2295 Arvernos

218 2308 256 2336 ab
274 2308 387 2337 Helviis
407 2308 556 2342 discludit,
582 2309 638 2336 iter
656 2308 841 2344 impediebat.
862 2325 896 2330 -—
914 2309 984 2342 629
1002 2318 1074 2346 quos
1091 2318 1149 2337 non
1169 2309 1259 2337 silvae
1277 2313 1444 2345 montesque
1465 2312 1606 2337 texerunt.
1642 2310 1666 2343 6,
1677 2310 1717 2343 10,
1728 2310 1745 2337 5
1763 2310 1889 2348 (silvam)

217 2352 379 2381 Cheruscos
396 2352 434 2380 ab
453 2352 556 2381 Suebis
569 2373 575 2379 .
590 2373 597 2379 .
609 2352 771 2388 prohibere.
808 2354 831 2386 7,
842 2353 883 2386 19,
894 2357 910 2384 1
930 2353 1007 2381 hunc
1026 2353 1126 2381 collem
1152 2353 1237 2389 palus
1250 2375 1257 2380 .
1271 2374 1277 2380 .
1291 2353 1436 2390 cingebat.
1471 2354 1514 2387 26,
1524 2354 1541 2381 2
1560 2354 1645 2389 palus
1660 2375 1666 2381 .
1680 2375 1687 2381 .
1700 2353 1845 2382 Romanos
1859 2376 1866 2382 .
1879 2375 1887 2382 .

217 2396 365 2424 tardabat.
395 2397 436 2428 57,
447 2396 473 2423 4.
498 2396 539 2428 69,
550 2396 569 2422 4
587 2396 673 2423 eolles
686 2416 692 2422 .
706 2416 712 2422 .
726 2396 865 2432 oppidum
884 2397 1048 2433 cingebant.
1060 2397 1104 2430 ¹,b.
1119 2406 1143 2423 c.
1156 2398 1197 2429 51,
1208 2398 1225 2423 3
1244 2397 1296 2424 hos
1309 2406 1406 2424 omnes
1418 2396 1537 2424 flumina
1549 2398 1746 2424 continebant.
1774 2398 1799 2430 3,
1810 2399 1852 2431 36,
1863 2399 1889 2426 5.

218 2439 367 2468 Audacius
386 2440 459 2468 dixit
476 2440 581 2474 6,34‚2
598 2440 649 2468 ubi
668 2441 772 2477 cuique
795 2444 847 2468 aut
866 2441 955 2469 valles
974 2441 1075 2469 abdita
1101 2444 1152 2468 aut
1175 2441 1257 2469 locus
1277 2441 1417 2469 silvestris
1435 2444 1487 2468 aut
1505 2441 1590 2478 palus
1609 2441 1749 2478 impedita
1766 2451 1847 2478 spem
1859 2463 1867 2470 .
1881 2463 1889 2470 .

217 2483 367 2511 offerebat.
404 2484 486 2518 Quae
510 2484 588 2520 apud
606 2484 720 2512 Livium
745 2484 909 2518 observavi,
936 2494 995 2513 non
1013 2485 1150 2513 differunt
1179 2486 1216 2513 ab
1235 2494 1289 2513 usu
1308 2485 1498 2513 Caesariano:
1518 2489 1638 2522 propter
1657 2486 1727 2513 Tac.
1745 2486 1799 2520 111,
1811 2487 1852 2520 17,
1863 2487 1889 2514 7.

218 2526 254 2559 V,
265 2527 306 2560 11,
318 2528 350 2554 16
368 2527 458 2556 affero
476 2528 539 2555 Liv.
558 2529 599 2561 38,
611 2529 652 2561 21,
663 2529 682 2556 4
700 2528 801 2556 Gallos
818 2529 882 2556 loco
901 2529 1026 2557 iuvante.
1679 2565 1698 2591 2
