2090 2958
1014 192 1035 224 6

181 287 434 322 cunctabantur.
490 286 543 329 53,
572 287 609 319 17
646 286 713 319 suis
760 286 1047 320 exhortationibus
1082 286 1210 320 Gallias
1248 286 1495 332 Hispaniasque
1517 313 1525 321 .
1553 314 1560 321 .
1601 288 1645 322 ad
1681 288 1855 322 Vitellium

178 351 365 374 conversas.
409 338 470 382 IV,
485 339 535 381 12,
549 339 570 371 3
600 338 778 372 descivisse
809 338 946 372 Gallias.
994 339 1044 381 17,
1069 338 1109 371 13
1144 339 1171 371 si
1206 338 1337 372 Galliae
1364 340 1480 382 iugum
1511 346 1642 373 exuant.
1686 341 1739 383 26,
1752 342 1773 373 2
1807 340 1853 374 di-

178 391 302 425 lectum
314 416 322 423 .
334 416 341 423 .
353 390 486 424 Galliae
505 395 728 435 aspernantes.
751 390 804 432 55,
816 390 860 423 20
872 389 1116 434 disceptaturas
1129 389 1267 432 Gallias,
1281 401 1380 434 quem
1392 391 1513 424 virium
1529 403 1662 425 suarum
1678 394 1856 426 terminum

177 444 291 477 velint.
338 443 367 486 1,
390 443 443 485 71,
465 443 487 476 5
511 448 681 476 certavere
704 442 846 485 Galliae,
867 441 1062 486 Hispaniae,
1083 441 1190 475 Italia.
1233 442 1261 484 I,
1284 442 1336 482 76,
1357 442 1380 474 4
1401 454 1596 477 conversam
1620 443 1663 477 ad
1682 443 1856 478 Vitellium

177 496 386 540 Hispaniam.
419 495 544 538 111‚7o,
557 495 598 527 14
619 494 809 538 Hispaniis.
822 519 831 528 .
844 499 877 527 et
887 493 1062 527 Britannia
1084 493 1351 527 desciscentibus.
1383 494 1415 536 4,
1425 494 1477 537 37,
1491 496 1508 528 1
1531 495 1695 541 Hispania
1716 495 1855 529 ulterior

178 548 288 580 missis
309 572 316 579 .
336 572 343 579 .
366 547 486 590 legatis
508 547 623 579 oravit.
659 546 762 587 Ι,10.6
777 545 896 578 Africa
919 557 959 578 ac
982 546 1070 589 legio
1092 547 1126 577 in
1149 556 1188 578 ea
1210 570 1217 577 .
1240 570 1247 577 .
1272 551 1428 578 contenta
1448 547 1672 592 qualicunque
1694 548 1854 591 principe.

178 598 240 641 IV,
255 599 308 638 38,
322 599 345 631 4
364 598 540 631 descivisse
554 597 714 631 Africam.
747 597 775 639 Ι,
789 597 841 639 76,
856 597 877 630 5
891 608 933 630 ne
949 596 1130 641 Aquitania
1153 596 1296 640 quidem,
1317 609 1508 641 quanquam
1531 599 1574 632 ab
1589 599 1676 632 Iulio
1694 598 1804 632 Cordo
1820 599 1854 631 in

179 652 287 685 verba
299 650 441 684 Othonis
456 650 625 689 obstricta,
649 649 707 682 diu
721 650 850 682 mansit.
884 649 929 692 H,
946 649 999 692 58,
1017 650 1033 682 1
1051 649 1227 682 accessisse
1243 649 1396 694 partibus
1410 654 1588 695 utramque
1603 650 1853 684 Mauretaniam.

181 704 211 746 1,
224 704 276 745 76,
288 704 309 736 6
320 703 481 736 Achaiam
496 713 535 734 ac
548 701 779 734 Macedoniam
793 712 896 734 onera
919 701 1128 746 deprecantis
1151 701 1255 733 levari
1268 725 1276 734 .
1286 726 1294 733 .
1306 701 1442 745 placuit.
1476 702 1507 743 3,
1520 702 1573 744 38,
1593 703 1632 735 11
1647 703 1810 735 Thraecia
1825 728 1832 735 .
1845 728 1853 735 .

180 756 358 789 insolentia
381 755 484 787 nostri
508 753 634 787 discors
657 754 780 798 agebat
802 765 912 798 neque
934 754 1042 786 minus
1057 753 1314 786 Rhoemetalcen
1329 765 1430 798 quam
1443 753 1679 787 Trebellenum
1689 756 1852 788 incusans.

180 808 255 849 4,5,
272 808 313 839 16
330 808 357 839 si
371 807 580 849 repentinum
599 806 760 838 auxilium
782 806 881 838 Italia
903 812 1057 849 posceret
1076 807 1095 837 i.
1118 817 1144 837 e.
1167 817 1221 837 res
1241 806 1368 837 Italiae.
1401 806 1464 845 111,
1476 806 1529 846 34,
1543 807 1585 838 10
1605 807 1738 839 inritam
1757 819 1850 850 prae-

182 859 261 892 dam
284 858 441 891 militibus
466 857 623 890 effecerat
647 869 827 890 consensus
848 857 977 898 Italiae,
1001 857 1201 901 emptionem
1227 856 1343 889 talium
1371 857 1612 901 mancipiorum
1634 859 1849 902 aspernantis.

183 912 235 951 11,
246 911 299 952 23,
313 911 333 942 6
354 921 419 942 non
442 908 526 941 adeo
552 920 687 952 aegram
702 909 835 942 Italiam
857 915 894 942 ut
906 915 1057 942 senatum
1069 908 1283 952 suppeditare
1297 909 1371 941 urbi
1385 920 1463 941 suae
1475 910 1646 952 nequiret..
1682 910 1732 951 12,
1744 910 1797 952 43,
1812 911 1850 942 11

181 962 261 996 olim
271 961 368 995 Italia
391 960 579 1004 legionibus
591 960 791 1005 longinquas
814 961 848 993 in
861 960 1051 1006 provincias
1074 965 1276 993 commeatus
1296 960 1462 1005 portabat.
1509 960 1559 1003 13,
1571 960 1603 1004 4,
1616 961 1657 993 12
1680 961 1853 994 consulum

181 1014 402 1049 tribunalibus
423 1013 523 1046 Italia
546 1019 579 1046 et
599 1013 756 1057 publicae
779 1014 970 1058 provinciae
993 1012 1199 1046 adsisterent.
1246 1013 1295 1055 16,
1311 1013 1342 1055 5,
1356 1013 1377 1045 2
1400 1024 1516 1046 severa
1539 1013 1647 1047 adhuc
1668 1020 1701 1047 et
1724 1015 1852 1058 antiqui

181 1067 281 1098 moris
293 1066 456 1097 retinente
467 1064 574 1096 Italia.
621 1065 672 1106 14,
687 1065 739 1106 58,
755 1065 776 1096 6
799 1064 915 1096 Asiam
938 1064 1054 1096 favore
1076 1065 1205 1095 iuvenis
1225 1075 1318 1095 arma
1341 1065 1477 1107 cepisse.
1530 1064 1580 1103 13,
1594 1064 1647 1105 33,
1663 1065 1684 1096 2
1700 1063 1852 1097 Celerem

181 1116 262 1151 Asia
284 1122 460 1150 accusante
484 1142 491 1149 .
514 1142 521 1149 .
543 1114 667 1150 Caesar
690 1116 811 1159 traxit3
843 1121 878 1150 at
906 1115 1008 1161 paulo
1037 1120 1114 1161 post
1153 1115 1337 1149 orationem
1373 1116 1498 1149 variat:
1531 1127 1563 1150 v.
1598 1115 1620 1149 5
1654 1114 1852 1161 Capitonem

182 1170 300 1202 Cilices
320 1170 524 1209 detulerant3
547 1181 577 1201 v.
594 1170 614 1201 9
631 1181 651 1201 a
667 1181 733 1212 quo
750 1169 849 1212 Lycii
869 1180 923 1200 res
945 1169 1152 1212 repetebant.
1188 1169 1238 1209 14,
1253 1169 1306 1208 57,
1324 1169 1361 1200 11
1379 1174 1507 1200 erectas
1518 1169 1647 1202 Gallias
1667 1169 1710 1201 ad
1731 1181 1852 1201 nomen

182 1221 409 1263 dictatorium,
431 1246 438 1253 .
463 1246 471 1253 .
505 1231 683 1265 suspensos
715 1219 817 1253 Asiae
853 1219 998 1265 populos
1034 1218 1231 1253 claritudine
1268 1219 1322 1252 avi
1356 1219 1476 1261 Drusi3
1515 1218 1631 1252 eadem
1667 1220 1851 1253 variatione

180 1274 241 1316 III,
255 1274 307 1315 59,
321 1273 344 1305 4
360 1279 490 1306 erectus
502 1273 632 1306 Samnis
643 1264 890 1317 Paelignusque
907 1279 940 1306 et
951 1273 1054 1306 Marsi
1070 1273 1300 1314 aemulatione,
1316 1271 1406 1316 quod
1419 1271 1601 1317 Campania
1615 1273 1850 1317 praevenisset.

180 1326 239 1368 IV,
254 1326 304 1368 14,
316 1326 359 1358 22
382 1326 645 1368 consanguineos
663 1325 859 1367 Germanos,
872 1324 1000 1357 Gallias
1015 1324 1103 1357 idem
1118 1325 1289 1368 cupientis.
1298 1325 1324 1365 ¹)

338 1377 447 1419 Quem
463 1376 505 1410 ad
518 1376 654 1410 modum
677 1376 855 1419 vocabulo,
876 1376 967 1421 quod
992 1381 1041 1409 est
1070 1377 1202 1418 civitas,
1223 1377 1270 1409 ita
1292 1387 1371 1408 usus
1393 1381 1443 1409 est
1465 1375 1612 1418 Tacitus,
1631 1381 1668 1409 ut
1692 1376 1848 1419 „urbem“

181 1430 342 1476 significet
368 1430 423 1472 (cf.
446 1430 529 1462 Lex.
551 1429 657 1462 Tacit.
689 1441 744 1474 pg.
767 1429 853 1471 173),
886 1429 968 1470 sic²)
1001 1428 1115 1471 „urbi“
1147 1440 1383 1472 nonnunquam
1415 1428 1483 1460 vim
1515 1427 1697 1470 „civitatis“
1724 1429 1850 1462 tribuit.

180 1483 256 1516 Huc
270 1494 337 1515 non
356 1483 501 1526 pertinet
517 1481 613 1524 G37,
627 1482 647 1513 6
669 1482 938 1514 sescentesimum
961 1486 994 1513 et
1016 1480 1307 1524 quadragesimum
1330 1491 1452 1512 annum
1475 1480 1556 1512 urbs
1579 1485 1692 1512 nostra
1716 1481 1849 1523 agebat,

182 1548 257 1570 cum
278 1535 424 1580 primum
446 1533 660 1568 Cimbrorum
682 1533 796 1567 audita
823 1538 899 1567 sunt
919 1544 1028 1574 arma,
1057 1532 1116 1567 sed
1135 1532 1197 1575 III,
1221 1532 1273 1576 79,
1300 1532 1321 1565 3
1343 1537 1486 1566 tremere
1509 1532 1627 1566 urbem
1650 1557 1657 1565 .
1680 1558 1688 1565 .
1712 1532 1850 1578 accepit.

183 1589 233 1630 12,
254 1589 306 1629 50,
329 1588 350 1620 5
372 1588 474 1619 urbes
496 1587 730 1619 Armeniorum
753 1586 919 1618 Artaxata
942 1592 974 1618 et
998 1585 1239 1628 Tigranocerta
1261 1586 1376 1627 iugum
1399 1596 1568 1628 accepere.
1612 1585 1644 1624 4,
1664 1585 1714 1626 15,
1732 1585 1772 1617 14
1796 1585 1849 1617 de-

182 1650 315 1672 crevere
338 1638 440 1671 Asiae
462 1638 564 1670 urbes
586 1637 748 1682 templum
772 1637 918 1670 Tiberio.
963 1637 1016 1678 55,
1038 1637 1058 1668 3
1081 1636 1210 1679 legatos
1234 1635 1335 1668 Asiae
1358 1660 1365 1667 .
1388 1660 1395 1667 .
1421 1635 1557 1668 audivit.
1579 1635 1733 1668 undecim
1748 1636 1850 1668 urbes

181 1691 354 1724 certabant
377 1690 433 1731 (sc.
451 1701 513 1734 per
533 1690 687 1733 legatos),
708 1690 782 1733 pari
806 1689 997 1730 ambitione,
1018 1688 1148 1721 viribus
1170 1687 1329 1720 diversae.

335 1742 536 1786 Municipiis,
559 1742 706 1784 coloniis,
729 1742 910 1786 provinciis
931 1742 1096 1773 actionem
1117 1740 1236 1773 tribuit
1257 1740 1301 1782 11,
1316 1740 1368 1778 20,
1383 1740 1404 1772 3
1431 1745 1585 1772 ornatum
1612 1739 1716 1783 ipsius
1745 1741 1848 1772 muni-

185 1796 271 1839 cipia
301 1800 334 1827 et
363 1794 513 1827 coloniae
534 1794 569 1826 in
597 1794 789 1838 superbiam
820 1793 1007 1826 trahebant.
1051 1792 1114 1834 ΠΙ,
1127 1792 1180 1833 57,
1196 1791 1216 1824 8
1241 1792 1420 1836 municipia
1448 1791 1664 1835 coloniaeque
1686 1816 1693 1823 .
1716 1816 1723 1823 .
1746 1792 1849 1824 muni-

184 1847 323 1891 cipalem
357 1846 611 1879 aemulationem
643 1845 741 1879 bellis
776 1845 930 1879 civilibus
965 1845 1158 1878 miscebant.
1210 1844 1260 1886 14,
1277 1844 1326 1886 10,
1340 1844 1360 1877 8
1383 1842 1585 1888 Campaniae
1607 1844 1786 1888 municipia
1813 1869 1821 1876 .
1841 1869 1850 1878 .

182 1899 404 1943 legationibus
424 1898 584 1931 laetitiam
604 1899 729 1931 testari.
769 1897 802 1930 A
820 1898 870 1937 18,
889 1898 910 1930 6
933 1908 972 1930 eo
996 1897 1089 1929 initio
1114 1897 1287 1940 provincia
1309 1897 1456 1940 erigitur.
1483 1896 1528 1937 H,
1542 1895 1596 1937 32,
1610 1896 1630 1928 9
1644 1896 1850 1939 provinciam

182 1952 432 1985 Narbonensem
453 1976 462 1985 .
485 1976 492 1983 .
516 1950 658 1984 adverso
683 1950 813 1995 proelio
838 1950 1085 1983 contremuisse.
1131 1949 1183 1991 81,
1204 1949 1223 1982 8
1246 1947 1408 1993 quidquid
1435 1948 1682 1992 provinciarum
1704 1947 1851 1981 adluitur

342 2044 363 2080 ι)
381 2043 489 2072 Gentes
513 2043 723 2081 significantur.
750 2043 801 2071 sed
826 2051 884 2071 non
910 2042 1087 2070 inducuntur
1105 2045 1238 2079 agentes:
1258 2042 1285 2069 A
1307 2042 1348 2076 16,
1366 2041 1384 2069 8
1406 2040 1610 2077 (Britanniam)
1638 2041 1723 2069 unius
1741 2041 1844 2077 proelii

181 2088 302 2116 fortuna
318 2089 408 2115 veteri
425 2089 583 2124 patientiae
604 2088 733 2116 restituit
754 2087 791 2114 cf.
810 2088 834 2120 5,
847 2088 872 2114 9.
901 2087 980 2120 G37,
992 2088 1026 2114 10
1044 2090 1103 2114 tam
1116 2087 1165 2113 diu
1175 2086 1332 2114 Germania
1350 2086 1484 2112 vincitur.
1517 2085 1539 2119 1,
1553 2086 1593 2118 10,
1605 2086 1619 2112 1
1633 2084 1736 2113 Oriens
1755 2085 1850 2114 adhuc

181 2133 316 2159 inmotus.
347 2132 371 2164 8,
384 2132 402 2158 4
421 2132 534 2160 Galliae
553 2152 559 2159 .
580 2152 586 2159 .
607 2131 755 2167 obligatae
773 2131 883 2158 recenti
902 2131 978 2158 dono
997 2131 1144 2158 Romanae
1163 2130 1299 2158 civitatis.
1336 2130 1377 2162 61,
1391 2130 1409 2156 3
1431 2129 1547 2156 allicere
1568 2149 1574 2155 .
1593 2149 1600 2155 .
1619 2129 1664 2156 vel
1683 2149 1690 2156 .
1710 2149 1716 2156 .
1735 2133 1849 2158 vastare

181 2175 304 2213 Gallias.
340 2175 381 2208 63,
394 2176 411 2202 8
427 2178 519 2203 terror
529 2175 643 2204 Gallias
662 2175 778 2202 invasit.
815 2175 839 2208 2,
851 2175 875 2207 5,
888 2174 923 2201 10
939 2174 1032 2202 fessas
1044 2173 1156 2201 Gallias
1168 2172 1366 2201 ministrandis
1387 2172 1478 2208 equis.
1505 2172 1530 2205 3,
1543 2172 1588 2205 44,
1598 2172 1616 2199 3
1633 2172 1801 2209 adsumptos
1819 2174 1849 2201 in

182 2220 352 2248 societatem
372 2219 536 2252 Germanos,
558 2219 663 2247 dubias
682 2218 850 2254 Hispanias.
886 2219 911 2251 5,
926 2218 994 2251 10,1
1014 2218 1087 2245 Asia
1104 2221 1192 2254 atque
1211 2217 1324 2245 Achaia
1341 2217 1496 2244 exterritae
1515 2219 1582 2243 sunt
1600 2216 1660 2243 acri
1680 2237 1686 2243 .
1701 2237 1707 2243 .
1730 2226 1848 2250 rumore,

180 2267 212 2291 et
229 2263 296 2290 aliis
315 2263 386 2290 loeis
404 2263 559 2298 permultis.
583 2263 611 2290 D
624 2263 667 2296 39,
682 2263 716 2290 18
728 2271 797 2298 pars
807 2262 912 2290 Italiae
924 2261 1158 2297 periclitantibus
1177 2261 1339 2289 adsisteret.
1365 2260 1386 2293 1,
1398 2260 1439 2292 51,
1451 2259 1486 2287 14
1504 2268 1572 2295 pars
1591 2258 1756 2293 Galliarum,
1775 2270 1850 2297 quae

182 2307 319 2336 Rhenum
336 2306 448 2339 accolit,
466 2307 580 2335 easdem
597 2309 697 2343 partes
716 2309 824 2334 secuta.
861 2306 904 2340 14,
923 2305 965 2339 26,
985 2305 1021 2333 14
1039 2308 1138 2341 partes
1156 2304 1310 2333 Armeniae
1328 2325 1334 2331 .
1354 2325 1361 2331 .
1379 2303 1525 2331 Antiocho
1542 2311 1645 2339 parere
1662 2304 1756 2333 iussae
1774 2308 1849 2332 sunt.

341 2351 365 2387 ¹)
390 2350 497 2378 Eodem
516 2351 600 2379 modo
619 2351 726 2379 dicitur
744 2350 766 2384 1,
780 2350 869 2384 20,10
887 2350 996 2386 ubique
1014 2349 1099 2377 hasta
1117 2352 1146 2377 et
1166 2351 1267 2383 sector,
1286 2352 1316 2377 et
1333 2349 1463 2385 inquieta
1480 2347 1550 2375 urbs
1569 2348 1752 2377 sectionibus.
1789 2349 1849 2382 50‚3

178 2394 325 2431 trepidam
343 2394 443 2422 urbem
461 2415 467 2421 .
487 2415 494 2421 .
512 2404 602 2423 novus
620 2416 627 2422 .
641 2416 647 2422 .
667 2395 703 2423 de
714 2395 832 2423 Vitellio
851 2395 971 2422 nuntius
989 2394 1137 2422 exterruit.
1175 2393 1215 2426 13,
1226 2393 1249 2426 6,
1264 2393 1282 2420 4
1302 2393 1333 2420 in
1351 2392 1422 2420 urbe
1441 2400 1602 2419 sermonum
1620 2392 1714 2420 avida.
1745 2393 1767 2426 I,
1779 2393 1848 2426 88,ss

179 2442 277 2467 motae
301 2439 384 2466 urbis
410 2448 504 2466 curae.
527 2455 560 2460 —
579 2440 607 2467 A
624 2440 650 2473 4,
665 2440 698 2466 11
719 2439 832 2474 „sedem
850 2447 885 2467 ac
903 2439 1073 2475 magistram
1087 2437 1248 2465 studiorum
1266 2437 1424 2465 Massiliam
1443 2435 1562 2463 habuit“
1583 2437 1727 2464 notionem
1745 2437 1801 2464 loci
1820 2440 1849 2465 et

178 2483 327 2511 hominum
340 2483 497 2510 coniunxit.
