2090 2958
996 250 1020 283 4

173 349 375 408 Priusquam
391 354 503 381 autem
519 346 562 380 ad
579 358 652 379 rem
664 347 771 391 ipsam
786 346 953 388 accedam,
975 357 1085 391 pauca
1099 345 1255 378 videntur
1267 344 1431 378 monenda
1454 355 1534 377 esse.
1571 344 1649 378 Non
1672 346 1853 379 audaciora

174 401 239 434 hoc
275 401 310 433 in
345 411 469 444 genere
502 399 660 443 leguntur
691 400 738 432 eis
766 398 867 441 locis,
889 399 947 431 ubi
972 398 1110 431 elatiore
1133 404 1166 431 et
1189 397 1382 430 sublimiore
1405 398 1554 430 oratione
1577 397 1715 431 Tacitus
1745 399 1852 431 utitur

175 464 276 496 quam
297 452 358 484 ubi
380 451 487 483 vitato
509 451 690 482 verborum
712 455 832 482 ornatu
853 461 907 482 res
929 455 1041 492 gestas
1062 455 1184 482 narrat.
1217 447 1327 489 Quam
1341 449 1384 481 ob
1397 459 1468 481 rem
1479 450 1514 481 in
1525 450 1725 481 tractatione
1739 451 1788 481 rei
1811 460 1852 482 ea

175 502 345 548 exempla,
375 514 461 547 quae
488 502 521 535 in
548 501 755 535 orationibus
783 506 816 534 et
841 500 1121 546 descriptionibus
1150 501 1381 543 inveniuntur,
1411 512 1431 533 a
1461 500 1580 533 ceteris
1611 511 1679 533 non
1712 501 1851 534 seiunxi.

175 556 297 599 Itaque
310 555 392 598 quid
405 555 583 598 scripserit,
604 565 671 586 non
695 565 761 597 quo
785 553 916 586 dicendi
940 565 1063 596 genere
1085 565 1164 585 usus
1186 553 1356 596 scripserit
1379 564 1553 596 exponam.
1589 553 1738 585 Primum
1749 554 1853 596 igitur

176 606 287 639 dicam
311 605 353 638 de
376 605 563 638 nominibus
591 610 757 637 terrarum
786 609 819 637 et
853 604 988 636 urbium
1023 604 1098 636 loco
1131 604 1300 636 hominum
1335 604 1462 647 positis,
1495 604 1616 647 quibus
1647 604 1853 647 reliquarum

175 669 290 691 rerum
309 658 442 690 nomina
465 655 584 689 addam
609 655 724 689 eadem
747 656 781 688 vi
797 662 975 700 usurpata,
1000 654 1119 688 deinde
1141 667 1253 688 earum
1268 666 1381 687 rerum
1404 660 1437 688 et
1453 655 1707 698 abstractorum,
1730 655 1853 700 quibus

175 710 349 743 hominum
371 709 504 741 notione
526 719 593 740 non
609 708 760 740 subiecta
784 708 871 740 actio
887 708 1057 749 tribuitur,
1079 718 1202 750 genera
1218 718 1422 751 proponam3
1439 712 1511 739 tum
1534 719 1573 740 ea
1596 707 1742 750 afferam,
1766 719 1854 751 quae

179 761 224 795 ad
250 762 397 795 rationes
423 760 573 792 revocari
607 770 674 792 non
709 760 889 803 potuerint.
940 759 1041 792 Hunc
1070 770 1182 792 rerum
1211 758 1361 792 ordinem
1389 759 1437 791 ita
1464 760 1621 802 servabo,
1647 764 1684 792 ut
1706 760 1763 804 qui
1787 759 1854 792 loci

177 819 319 858 propter
342 811 587 845 similitudinem
612 812 750 854 singulis
772 812 951 854 generibus
976 817 1054 856 apte
1077 811 1211 855 adiungi
1233 816 1382 855 possunt,
1404 810 1591 855 adiungam.

340 865 398 906 Ei,
434 864 490 906 qui
521 863 562 895 de
590 869 662 895 arte
688 863 790 895 latine
820 863 986 895 scribendi
1011 864 1236 907 praecipiunt,
1262 863 1364 905 vulgo
1388 862 1509 895 docent
1532 864 1712 907 scriptores
1732 874 1855 895 aureae

185 917 304 950 aetatis
326 916 458 948 nomina
479 920 645 947 terrarum
669 920 702 947 et
723 915 858 947 urbium
880 914 954 947 loco
983 915 1132 958 gentium
1163 920 1196 947 et
1226 915 1348 947 civium
1376 925 1442 947 non
1470 915 1518 947 ita
1539 926 1702 959 usurpare
1737 915 1856 957 solere,

186 974 224 1001 ut
246 968 350 1000 verba
374 966 494 1010 agendi
518 978 594 999 cum
618 967 664 999 eis
689 967 899 1009 coniungant.
945 965 1045 1006 Quod
1073 971 1111 998 ut
1142 965 1183 998 de
1215 967 1370 999 universa
1403 977 1440 998 re
1473 971 1565 999 recte
1600 967 1774 1008 statuitur,
1806 967 1856 999 ita

186 1019 276 1065 apud
292 1019 366 1053 illos
389 1020 480 1063 ipsos
503 1019 683 1063 scriptores
705 1029 771 1051 non
795 1029 903 1063 pauca
927 1018 997 1050 eius
1018 1018 1067 1050 rei
1091 1018 1233 1062 vestigia
1255 1018 1475 1063 reperiuntur.
1512 1017 1565 1051 Ac
1577 1016 1695 1051 Cicero
1719 1017 1855 1063 quidem

183 1084 249 1116 quo
282 1071 379 1104 modo
418 1071 482 1103 hoc
515 1070 647 1103 dicendi
677 1081 798 1114 genere
837 1082 916 1102 usus
948 1071 990 1102 sit
1019 1076 1057 1102 ut
1094 1076 1185 1102 recte
1219 1070 1402 1108 iudicetur,
1439 1072 1704 1103 accuratioribus
1742 1071 1853 1104 obser-

181 1123 370 1156 vationibus
390 1134 474 1167 opus
485 1122 619 1155 videtur
635 1133 706 1154 esse
722 1132 830 1166 neque
845 1122 916 1165 ipse
932 1123 1048 1166 paucis
1060 1122 1126 1154 illis
1148 1122 1240 1163 locis,
1265 1134 1348 1166 quos
1362 1122 1510 1155 homines
1526 1122 1616 1155 docti
1635 1122 1855 1166 collegerunt,

186 1175 367 1220 quidquam
389 1181 523 1220 praeter
554 1174 619 1207 div.
652 1176 685 1207 in
709 1173 805 1207 Caec.
837 1175 865 1215 ξ.
891 1174 934 1207 30
970 1175 1141 1218 „queritur
1171 1174 1284 1208 Sicilia
1312 1174 1403 1208 tota“
1439 1175 1561 1208 addere
1594 1186 1739 1219 possum.
1782 1174 1856 1208 Nec

187 1227 328 1271 simplex
342 1226 494 1259 Caesaris
509 1239 548 1259 ac
571 1228 700 1259 sincera
724 1227 830 1259 oratio
854 1226 948 1258 illum
970 1238 1067 1259 usum
1091 1227 1288 1271 sprevitz'b.
1310 1238 1341 1270 g.
1357 1227 1388 1269 5,
1399 1227 1485 1268 22,4
1508 1227 1588 1271 quid
1610 1228 1644 1259 in
1668 1238 1771 1260 annos
1794 1228 1857 1260 sin-

181 1280 277 1324 gulos
299 1279 473 1323 vectigalis
495 1278 622 1324 populo
645 1279 796 1311 Romano
827 1278 1001 1311 Britannia
1030 1278 1191 1323 penderet
1216 1280 1395 1312 constituit.
1438 1280 1490 1320 29,
1513 1280 1535 1312 4
1558 1279 1675 1312 ardere
1698 1279 1855 1313 Galliam.

184 1332 269 1369 29,ss
285 1332 311 1363 si
324 1331 436 1364 Gallia
459 1332 563 1363 omnis
587 1342 662 1363 cum
685 1330 861 1363 Germanis
884 1332 1094 1363 consentiret.
1140 1332 1170 1372 7,
1185 1332 1262 1369 10,1
1287 1342 1328 1363 ne
1352 1357 1358 1363 .
1377 1357 1385 1365 .
1410 1337 1529 1364 cuncta
1551 1331 1664 1365 Gallia
1687 1331 1857 1365 deficeret.

184 1383 279 1416 Idem
293 1382 382 1427 apud
393 1382 541 1415 Hirtium
553 1384 582 1424 8,
595 1383 647 1423 30,
662 1383 689 1414 1.
734 1382 820 1424 39,2
843 1393 885 1414 ne
907 1383 1063 1415 universa
1087 1382 1198 1416 Gallia
1218 1408 1225 1415 .
1249 1407 1255 1414 .
1280 1383 1342 1415 sibi
1360 1408 1366 1415 .
1383 1408 1390 1415 .
1409 1382 1553 1415 defuisse
1574 1408 1580 1415 .
1605 1408 1612 1415 .
1637 1384 1857 1416 constantiam

186 1440 329 1480 putaret.
373 1435 426 1475 49,
451 1435 472 1466 2
508 1434 597 1478 quod
621 1434 678 1475 (sc.
701 1433 841 1475 bellum)
880 1435 985 1467 omnis
1015 1434 1127 1467 Gallia
1157 1434 1299 1467 libenter
1323 1460 1329 1466 .
1352 1459 1361 1469 .
1385 1436 1578 1479 susciperet.
1622 1434 1677 1468 Ab
1701 1435 1751 1467 his
1773 1435 1857 1468 locis

185 1488 324 1532 paulum
347 1486 504 1519 differunt
527 1488 566 1526 ei,
589 1487 646 1530 qui
665 1486 823 1529 leguntur
844 1486 876 1519 b.
901 1498 927 1519 c.
953 1487 983 1528 3,
1009 1487 1058 1529 12,
1079 1488 1100 1519 2
1121 1498 1229 1530 neque
1251 1487 1314 1520 sibi
1337 1486 1495 1520 iudicium
1519 1493 1709 1531 sumpturos
1742 1492 1859 1520 contra

185 1545 285 1582 atque
309 1539 415 1571 omnis
439 1538 538 1570 Italia
562 1537 774 1581 populusque
796 1537 965 1570 Romanus
986 1538 1207 1570 iudicavisset.
1245 1538 1295 1580 12,
1310 1539 1332 1570 4
1346 1539 1426 1580 ⁷,hos
1441 1544 1625 1582 sequuntur
1637 1538 1856 1580 Bullidenses,

185 1590 356 1623 Amantini
389 1595 421 1622 et
456 1590 604 1633 reliquae
634 1615 641 1621 .
666 1614 672 1621 .
704 1590 856 1622 civitates
883 1595 1021 1633 totaque
1049 1589 1170 1634 Epiros
1194 1596 1226 1623 et
1249 1615 1255 1622 .
1281 1615 1287 1623 .
1318 1590 1538 1634 pollicentur“
1563 1596 1742 1635 propterea
1766 1589 1857 1634 quod

185 1643 289 1675 verba
312 1641 432 1685 agendi
446 1641 602 1674 adiuncta
617 1647 693 1673 sunt
709 1642 897 1674 nominibus
909 1653 1136 1684 personarum.
1168 1642 1414 1685 Seiungendum
1427 1642 1469 1674 ab
1485 1642 1535 1674 his
1550 1643 1582 1675 b.
1595 1653 1621 1674 c.
1635 1643 1665 1681 3,
1681 1643 1732 1684 79,
1743 1643 1764 1674 2
1775 1641 1855 1674 Cae—

186 1704 293 1726 sarem
315 1693 497 1737 Apollonia
520 1705 540 1726 a
561 1693 687 1725 directo
711 1693 828 1725 itinere
852 1698 1020 1725 averterat
1041 1693 1060 1725 i.
1085 1704 1111 1725 e.
1135 1694 1198 1726 iter
1221 1692 1263 1726 ad
1285 1693 1320 1725 id
1336 1686 1504 1737 oppidum.
1534 1692 1647 1737 Atque
1660 1699 1697 1726 ut
1719 1693 1857 1737 paulum

186 1745 347 1778 declinem
378 1757 398 1777 a
426 1746 617 1789 proposito,
643 1745 694 1777 his
726 1745 809 1778 locis
837 1745 989 1777 omnibus
1013 1744 1137 1778 Caesar
1160 1745 1277 1778 Gallos
1299 1745 1474 1789 intellegit,
1497 1757 1573 1778 cum
1595 1746 1727 1778 nomine
1747 1751 1858 1778 terrae

189 1798 308 1830 utitur:
331 1798 363 1830 b.
386 1808 417 1841 g.
444 1797 538 1839 1,2Ο,
553 1797 576 1829 4
599 1797 759 1838 futurum,
782 1802 820 1829 ut
840 1798 943 1829 totius
967 1796 1098 1830 Galliae
1128 1798 1228 1830 animi
1251 1810 1271 1830 a
1294 1809 1329 1830 se
1354 1803 1594 1830 averterentur.
1638 1797 1669 1838 5,
1683 1797 1766 1839 27,5
1786 1808 1858 1830 esse

189 1850 318 1883 Galliae
342 1860 516 1883 commune
542 1850 723 1883 consilium.
770 1850 799 1892 7,
823 1850 875 1892 29,
899 1850 927 1883 6.
964 1850 1015 1892 76,
1039 1850 1060 1883 2
1096 1856 1190 1883 tanta
1225 1851 1401 1884 universae
1425 1850 1556 1884 Galliae
1587 1850 1758 1883 consensio
1784 1849 1858 1883 fuit.

189 1903 218 1944 6,
237 1904 265 1944 1,
279 1903 298 1935 3
312 1904 421 1945 magni
437 1904 596 1934 interesse
613 1928 619 1934 .
636 1928 643 1935 .
661 1902 703 1935 ad
720 1903 908 1946 opinionem
922 1902 1053 1935 Galliae
1078 1904 1277 1935 existimans.
1314 1904 1440 1944 1,17,4.
1464 1903 1517 1944 45,
1525 1904 1554 1935 2.
1577 1903 1668 1945 2,35,
1679 1904 1705 1935 1.
1729 1903 1759 1944 3,
1767 1903 1857 1944 28,1.

190 1953 220 1995 5,
228 1953 258 1994 5,
266 1954 296 1985 4.
310 1954 399 1996 41,3.
415 1954 467 1996 58,
475 1955 503 1986 7.
520 1954 550 1994 6,
560 1954 626 1996 1,1.
645 1954 712 1996 7,1,
722 1954 749 1985 1.
765 1953 818 1996 43,
826 1954 855 1986 5.
872 1954 924 1993 66,
935 1955 961 1986 1.
979 1955 1030 1996 77,
1040 1955 1068 1986 7.
1084 1954 1285 1987 Sallustiana
1298 1954 1451 1998 exempla
1459 1954 1685 1995 (historiarum
1693 1954 1858 1998 fragmen-

190 2012 225 2039 ta
241 2018 308 2039 non
331 2007 438 2039 omnia
462 2006 679 2051 complector)
701 2017 810 2050 pauca
831 2006 977 2039 notanda
1001 2012 1089 2040 sunt:
1112 2007 1144 2039 b.
1160 2007 1236 2050 Jug.
1255 2006 1357 2049 114,1
1373 2006 1552 2040 advorsum
1574 2006 1691 2040 Gallos
1712 2032 1719 2039 .
1742 2032 1748 2039 .
1771 2006 1859 2040 male

191 2064 375 2102 pugnatum
412 2065 473 2091 est:
508 2071 574 2102 quo
609 2064 702 2091 metu
735 2058 835 2090 Italia
872 2059 977 2091 omnis
1011 2060 1219 2091 contremuit.
1272 2058 1364 2091 Orat.
1398 2059 1480 2091 Phil.
1510 2061 1539 2100 ξ.
1567 2060 1587 2092 8
1618 2058 1682 2099 (ed.
1705 2059 1857 2100 Dietsch)

191 2109 327 2142 Etruria
364 2115 463 2154 atque
500 2121 614 2143 omnes
652 2110 814 2153 reliquiae
853 2110 933 2142 belli
971 2102 1134 2151 arrectae3
1174 2110 1270 2142 aliter
1292 2110 1418 2142 dictum
1439 2116 1488 2143 est
1517 2111 1612 2154 epist.
1641 2111 1757 2154 Pomp.
1783 2111 1813 2151 ξ.
1837 2111 1857 2143 9

192 2157 310 2195 Gallia'
326 2188 333 2195 .
354 2188 361 2194 .
392 2162 518 2202 Metelli
543 2162 728 2195 exercitum
751 2161 916 2207 stipendio
941 2162 1175 2206 frumentoque
1196 2162 1278 2195 aluit
1301 2167 1334 2195 et
1355 2173 1443 2195 nunc
1467 2162 1563 2196 malis
1592 2162 1757 2196 fructibus
1786 2163 1860 2207 ipsa

193 2214 252 2245 vix
290 2215 402 2256 agitat.
445 2215 499 2247 De
528 2215 592 2247 hoc
627 2214 769 2258 Nepotis
804 2226 867 2246 usu
902 2215 1057 2258 exposuit
1089 2214 1221 2258 Lupus,
1251 2214 1568 2258 ⁷,Sprachgebrauch
1597 2214 1655 2247 des
1685 2213 1860 2248 Cornelius

190 2264 325 2309 Nepos“
350 2277 404 2309 pg.
426 2267 497 2299 207.
542 2266 661 2299 Timol.
684 2266 715 2307 5,
737 2266 769 2299 4.
816 2264 1011 2298 Crebriores
1032 2272 1108 2298 sunt
1139 2266 1204 2299 loci
1227 2265 1373 2299 Liviani:
1399 2266 1429 2308 6,
1440 2266 1504 2308 3,2
1530 2266 1667 2298 Etruria
1689 2291 1697 2300 .
1722 2292 1729 2299 .
1754 2268 1875 2300 onmis'

193 2322 322 2350 armata
338 2317 483 2351 Sutrium
495 2329 503 2352 ;
516 2344 522 2351 .
536 2318 721 2352 obsidebat.
748 2318 853 2360 10,3,2
867 2318 1038 2350 Etruriam
1055 2318 1219 2351 rebellare
1233 2343 1242 2352 .
1259 2344 1266 2351 .
1281 2318 1507 2351 nuntiabatur.
1527 2319 1579 2360 27,
1591 2318 1643 2360 38,
1655 2318 1676 2351 6
1690 2318 1860 2352 Etruriam

192 2374 338 2402 erectam
358 2370 392 2402 in
414 2382 505 2415 spem
534 2382 647 2404 rerum
679 2382 851 2404 novarum.
896 2370 949 2413 29,
964 2370 1016 2413 36,
1034 2371 1075 2403 10
1105 2370 1219 2403 consul
1247 2396 1254 2403 .
1278 2396 1286 2406 .
1314 2370 1514 2403 iudiciorum
1540 2375 1668 2403 terrore
1689 2370 1860 2404 Etruriam

192 2422 350 2464 continet,
371 2427 475 2455 totam
506 2448 513 2455 .
542 2449 548 2455 .
580 2423 623 2456 ad
652 2434 745 2468 spem
771 2422 917 2456 novandi
945 2434 1000 2455 res
1031 2434 1171 2455 versam.
1215 2423 1343 2466 8,11‚14
1375 2421 1541 2455 Cumanos
1577 2422 1861 2468 Suessulanosque

195 2473 343 2506 eiusdem
355 2474 436 2506 iuris
448 2474 715 2519 condicionisque
738 2476 832 2508 cuius
856 2474 1017 2519 Capuam,
1042 2486 1113 2507 esse
1134 2475 1270 2519 placuit.
1307 2475 1373 2508 Hic
1388 2475 1482 2508 locus
1505 2475 1560 2516 (cf.
1575 2475 1662 2508 infra
1676 2476 1728 2517 30,
1742 2476 1859 2519 19,10)

190 2526 350 2559 notabilis
366 2531 415 2559 est
431 2526 520 2569 quod
541 2528 634 2560 iuxta
656 2533 826 2572 ponuntur
848 2528 982 2560 nomina
1005 2527 1099 2571 urbis
1123 2532 1155 2559 et
1176 2528 1333 2570 gentium.
1370 2526 1437 2560 Sed
1455 2527 1552 2560 aliter
1576 2533 1786 2572 comparatus
1810 2532 1861 2561 est
