2090 2958
1018 239 1036 271 7

199 334 283 367 mari
306 359 313 366 .
338 359 356 374 .,
377 335 540 368 iuravere.
578 335 607 375 1,
624 334 655 377 2,
676 334 717 367 12
744 344 852 378 neque
874 333 1067 378 provinciae
1087 332 1183 365 illum
1205 343 1318 365 rerum
1339 336 1461 365 statum
1485 330 1685 366 abnuebant.
1718 332 1749 376 2,
1759 333 1869 376 42,ae

199 386 392 429 provinciae
413 386 510 420 Suria
540 392 640 430 atque
654 385 781 419 Iudaea
800 410 808 417 .
831 411 839 418 .
862 385 1120 418 deminutionem
1140 384 1257 417 tributi
1282 385 1431 417 orabant.
1457 384 1490 426 4,
1505 383 1555 426 15,
1568 384 1588 417 8
1610 389 1649 417 ut
1669 391 1870 429 procurator

199 436 301 469 Asiae
323 462 331 469 .
354 462 361 470 .
384 443 561 471 accusante
582 438 756 482 provincia
777 448 911 470 causam
933 436 1062 469 dixerit.
1109 436 1202 479 13,4‚
1217 436 1257 468 12
1281 436 1322 469 ef.
1345 447 1454 480 supra.
1465 435 1668 476 ¹)—Semel
1697 437 1795 479 „ora“
1818 439 1868 471 ita

199 500 278 522 usus
300 495 349 523 est
378 490 531 533 Tacitus,
553 495 591 523 ut
615 490 645 522 ei
666 489 912 533 intellegantur,
935 490 992 533 qui
1006 500 1079 522 eam
1090 489 1240 522 incolunt
1261 488 1324 530 111,
1338 488 1390 529 60,
1404 487 1445 520 12
1468 487 1745 532 „pulcherrimam
1769 489 1865 524 Cam—

198 542 317 585 paniae
340 553 432 575 oram
454 540 669 575 descivisse“=
692 552 760 585 qua
780 542 815 574 in
838 552 875 574 re
898 553 965 574 non
986 542 1123 574 recessit
1145 541 1188 574 ab
1212 552 1276 573 usu
1290 539 1507 573 Ciceroniano
1529 539 1571 572 cf.
1594 540 1707 573 locum
1727 542 1794 574 iam
1818 543 1862 576 ab

202 593 275 626 aliis
310 594 447 626 allatum
470 593 512 626 de
533 594 611 636 imp.
634 591 693 625 On.
716 593 831 637 Pomp.
859 595 889 634 ξ.
911 594 951 626 67
983 605 1042 626 ora
1072 594 1237 626 maritima
1259 618 1267 625 .
1290 617 1298 624 .
1320 592 1517 636 Pompeium
1538 616 1545 624 .
1568 616 1575 624 .
1595 598 1742 636 propter
1764 595 1864 626 animi

200 645 435 677 continentiam
455 645 638 688 requisivit.
667 643 844 677 Notionem
855 644 921 678 loci
942 650 976 677 et
996 644 1165 677 hominum
1188 645 1359 677 coniunxit
1374 642 1435 685 IV,
1447 644 1499 686 72,
1511 644 1532 676 6
1556 649 1645 676 stare
1668 644 1703 676 in
1722 644 1864 678 confinio

199 695 397 730 Germaniae
418 697 582 740 integram
603 695 715 729 sedem
737 722 745 730 .
767 721 776 730 .
799 696 921 730 ducum
945 695 1102 730 caedibus
1125 701 1288 729 ovantem.
1324 695 1499 729 Insulanos
1515 695 1665 740 intellegi
1684 695 1767 739 vult,
1789 708 1865 731 cum

198 748 341 781 insulam
365 748 445 781 dicit
466 749 512 790 ΙΙ,
527 748 610 791 16,2
631 748 755 782 insulas
777 749 866 782 fama
887 749 1035 781 victricis
1062 748 1177 781 classis
1199 749 1234 780 in
1254 748 1407 792 partibus
1430 747 1572 781 Othonis
1598 749 1720 790 tenuit;
1750 749 1865 793 paullo

199 800 296 834 aliter
318 799 443 833 dictum
467 805 516 833 est
537 800 570 833 A
594 801 644 842 14,
658 801 699 834 13
718 801 853 834 Monam
873 800 1016 833 insulam
1036 806 1075 833 ut
1099 801 1187 833 vires
1208 799 1392 833 rebellibus
1414 800 1655 833 ministrantem
1677 799 1864 844 adgressus.

356 853 534 885 Praeterea
541 854 727 885 nominibus
732 864 844 885 rerum
851 863 1014 896 personae
1025 852 1253 895 significantur
1260 852 1287 893 Ι,
1293 852 1345 892 31,
1352 853 1390 883 17
1399 852 1599 884 Gemanica
1605 852 1729 885 vexilla
1737 852 1795 885 diu
1806 864 1865 885 nu·

198 909 313 937 tavere
325 903 443 946 3,21,5
455 909 492 937 ut
503 903 663 937 vexillum
684 909 918 937 veteranormn
931 929 938 936 .
954 929 963 938 .
978 903 1200 937 Tacfarinatis
1212 903 1326 947 copias
1338 929 1345 935 .
1357 928 1364 936 .
1376 902 1530 936 fuderint.
1552 903 1615 946 111,
1625 904 1656 946 2,
1666 904 1710 937 23
1721 903 1866 938 sedecim

199 955 328 988 alarum
352 957 527 989 coniuncta
549 957 643 999 signa
666 981 673 988 .
696 981 703 988 .
725 957 876 1000 operient
898 981 906 987 .
929 980 937 987 .
960 956 1089 999 equites
1107 966 1285 999 equosque.
1318 955 1372 987 De
1396 954 1535 997 „armis“
1561 955 1636 988 loco
1660 961 1864 989 armatorum

197 1006 253 1039 vel
265 1007 430 1040 exercitus
443 1007 486 1042 cf.
496 1007 578 1040 Lex.
591 1007 669 1041 Tac.
682 1018 737 1053 pg.
750 1007 820 1041 100.
855 1005 960 1040 Classi
967 1007 995 1049 ²)
1017 1018 1254 1052 nonnunquam
1265 1005 1300 1039 id
1313 1007 1482 1049 tribuitur,
1505 1006 1596 1051 quod
1619 1006 1864 1042 classiariorum

199 1065 262 1093 est:
284 1060 316 1093 A
340 1061 369 1100 7,
391 1060 412 1093 2
449 1060 562 1093 classis
595 1060 784 1093 Othoniana
814 1060 952 1093 licenter
981 1071 1068 1103 vaga
1102 1059 1182 1093 dum
1209 1059 1401 1093 Intemelios
1428 1085 1436 1092 .
1464 1085 1471 1092 .
1499 1059 1691 1103 populatur,
1723 1067 1864 1094 matrem

150 1110 155 1114 “
197 1111 377 1154 Agricolae
398 1135 405 1142 .
429 1136 436 1143 .
458 1111 633 1152 interfecit,
654 1110 888 1154 praesidiaque
903 1135 910 1142 .
927 1135 933 1142 .
952 1110 1096 1154 diripuit.
1132 1111 1182 1152 10,
1199 1111 1240 1142 15
1261 1111 1411 1143 Romana
1433 1110 1548 1143 classis
1571 1111 1794 1144 circumvecta
1816 1113 1862 1144 in-

198 1162 304 1197 sulam
316 1173 387 1196 esse
401 1162 607 1197 Britanniam
622 1161 820 1196 adfirmavit.
840 1162 893 1207 29,
903 1162 925 1196 5
936 1163 1117 1209 praemissa
1136 1161 1250 1206 classe,
1266 1174 1351 1208 quae
1368 1162 1523 1209 pluribus
1537 1162 1621 1197 locis
1634 1162 1796 1208 praedata
1811 1190 1818 1197 .
1834 1190 1841 1197 .
1855 1190 1863 1197 .

196 1216 259 1256 ΙΙΙ,
273 1216 379 1257 12,12
403 1216 517 1247 classis
532 1240 539 1247 .
555 1240 562 1247 .
576 1216 785 1259 praefectum
806 1216 870 1248 sibi
892 1216 1044 1247 destinat.
1088 1216 1140 1255 60,
1153 1215 1193 1246 12
1214 1215 1432 1247 Misenensem
1455 1216 1595 1247 classem
1618 1240 1625 1247 .
1646 1240 1654 1247 .
1677 1216 1864 1249 descivisse.

198 1266 256 1309 (H,
271 1267 345 1309 100,
359 1266 422 1309 13).
466 1265 624 1300 Similiter
646 1266 731 1300 dixit
753 1266 847 1310 2,24,
859 1266 901 1300 14
924 1266 1073 1310 „(naves)
1096 1266 1194 1308 misit,
1216 1271 1254 1299 ut
1276 1271 1503 1300 scrutarentur
1524 1266 1668 1301 insulas“
1694 1267 1752 1300 ubi
1775 1268 1862 1301 actio

198 1319 366 1352 scrutandi
392 1325 569 1353 nautarum
591 1321 697 1363 magis
719 1326 769 1353 est
792 1332 892 1364 quam
909 1320 1054 1352 navium.
1099 1319 1153 1352 De
1178 1318 1316 1362 „domo“
1342 1331 1381 1352 ea
1404 1319 1662 1363 significatione,
1689 1327 1727 1353 ut
1749 1321 1791 1353 sit
1815 1320 1861 1353 fa-

197 1371 288 1403 milia
311 1371 350 1403 cf.
373 1370 455 1404 Lex.
478 1371 557 1404 Tac.
581 1383 636 1416 pg.
656 1372 721 1404 314
737 1372 786 1413 Π)
808 1371 854 1413 A)
877 1373 920 1413 a).

353 1423 429 1456 Hoc
451 1423 749 1468 personificationis
771 1435 891 1468 genere
913 1427 1080 1457 transacto
1104 1421 1147 1455 ad
1161 1433 1216 1455 eas
1227 1433 1282 1455 res
1304 1428 1404 1467 atque
1427 1424 1635 1458 substantiva
1644 1425 1670 1466 ⁸)
1694 1424 1863 1458 abstracta

195 1480 338 1518 transeo,
358 1476 393 1508 in
416 1476 536 1520 quibus
552 1477 603 1509 vis
624 1487 841 1520 personarum
860 1488 927 1510 non
940 1478 1034 1509 inest.
1065 1475 1202 1508 Initium
1213 1475 1300 1508 facio
1313 1488 1333 1508 a
1345 1487 1494 1520 corpore,
1509 1477 1662 1520 partibus
1674 1482 1708 1510 et
1723 1477 1861 1521 qualita-

196 1528 286 1560 tibus
309 1528 458 1571 corporis
479 1527 716 1572 desideriisque
738 1528 954 1561 naturalibus.
1000 1528 1050 1570 14,
1069 1528 1099 1569 8,
1117 1527 1138 1559 3
1162 1527 1228 1569 alii,
1250 1533 1412 1571 quantum
1434 1539 1556 1572 corpus
1578 1529 1717 1570 sinebat,
1739 1528 1862 1562 vadere

196 1580 231 1613 in
252 1590 352 1613 mare.
398 1579 448 1622 15,
470 1579 522 1624 63,
545 1580 585 1614 13
609 1580 711 1614 senile
734 1592 855 1627 corpus
876 1606 884 1614 .
909 1606 917 1614 .
940 1580 1030 1614 lenta
1052 1579 1176 1624 effugia
1197 1580 1348 1624 sanguini
1378 1580 1572 1625 praebebat.
1617 1581 1647 1624 6,
1672 1581 1725 1625 50,
1751 1582 1768 1615 1
1796 1582 1862 1615 iam

197 1632 369 1665 Tiberium
391 1644 522 1675 corpus,
543 1634 610 1665 iam
632 1634 720 1666 vires
742 1658 750 1665 .
772 1659 781 1667 .
806 1634 1039 1674 (deserebant).
1076 1633 1108 1673 4,
1121 1632 1173 1674 63,
1188 1632 1209 1664 3
1231 1634 1258 1664 si
1281 1633 1450 1665 confusior
1472 1633 1584 1674 facies,
1606 1633 1665 1665 sed
1679 1645 1741 1677 par
1754 1634 1862 1666 forma

197 1689 254 1716 aut
265 1689 357 1716 aetas
368 1694 515 1715 errorem
526 1683 805 1726 adgnoscentibus
816 1685 949 1718 fecerat.
972 1684 1005 1715 D
1016 1684 1047 1726 9,
1056 1684 1076 1716 6
1090 1683 1173 1716 haec
1185 1684 1259 1727 ipsa
1270 1708 1277 1715 .
1289 1708 1296 1715 .
1308 1694 1405 1716 aures
1416 1689 1494 1716 tuae
1508 1708 1516 1716 .
1528 1709 1535 1716 .
1548 1690 1717 1728 respuant.
1739 1684 1860 1727 A45,6

195 1741 328 1768 nostrae
352 1734 477 1767 duxere
499 1735 692 1769 Helvidium
712 1738 747 1769 in
770 1747 937 1770 carcerem
957 1747 1083 1768 manus.
1126 1735 1188 1777 111,
1209 1735 1262 1777 20,
1283 1736 1321 1767 17
1344 1734 1506 1779 gladiisne
1529 1761 1536 1767 .
1561 1761 1568 1768 .
1590 1736 1798 1780 perfringere
1820 1762 1827 1769 .
1851 1761 1860 1769 .

195 1798 308 1820 muros
328 1787 417 1819 ullae
439 1798 556 1819 manus
577 1788 738 1830 possunt?
785 1788 886 1831 l,59,7
910 1799 1052 1831 quorum
1083 1793 1136 1820 tot
1161 1799 1278 1819 manus
1307 1798 1408 1819 unam
1426 1787 1657 1821 mulierculam
1679 1790 1860 1821 avexerint·

194 1838 254 1880 IV,
266 1839 318 1881 71,
333 1839 354 1871 8
376 1839 483 1871 securi
498 1838 591 1871 velut
608 1839 759 1873 confecto
774 1840 875 1882 bello,
898 1839 988 1884 quod
1002 1839 1171 1871 Romanae
1186 1850 1303 1871 manus
1326 1840 1541 1883 excepissent.
1574 1839 1637 1883 ΠΙ,
1649 1840 1702 1883 22,
1717 1840 1758 1872 14
1778 1840 1860 1873 nihil

197 1892 324 1925 animus
347 1896 404 1924 aut
425 1903 551 1933 manus,
573 1903 615 1924 ne
638 1892 725 1925 oculi
749 1892 883 1937 quidem
904 1892 1042 1937 provisu
1063 1891 1232 1924 iuvabant.
1268 1892 1318 1934 16,
1332 1891 1383 1934 15,
1396 1892 1439 1925 10
1458 1903 1564 1925 venae
1587 1904 1788 1937 quamquam
1809 1894 1856 1926 in-

197 1949 368 1988 terruptae
400 1954 519 1987 parum
554 1945 722 1987 sanguinis
760 1944 982 1978 effundebant.
1027 1945 1057 1987 2,
1075 1944 1128 1987 41,
1149 1944 1187 1976 11
1224 1944 1370 1988 augebat
1391 1945 1590 1977 intuentium
1611 1945 1703 1977 visus
1737 1946 1859 1978 eximia

196 1997 300 2041 ipsius
323 1996 450 2040 species
482 2007 665 2040 currusque
699 1998 845 2042 quinque
882 1997 977 2031 libris
1011 2002 1158 2030 onustus.
1202 1995 1374 2029 Audacius
1404 1996 1529 2029 dictum
1550 1996 1684 2030 videtur
1706 1996 1739 2030 A
1763 1998 1812 2039 11,
1833 1997 1856 2029 4

196 2048 316 2086 rutilae
339 2047 553 2080 Caledoniam
577 2047 797 2082 habitantium
813 2060 937 2091 comae,
958 2049 1070 2092 magni
1093 2054 1185 2081 artus
1196 2048 1429 2081 Germanicam
1451 2049 1613 2091 originem
1637 2048 1851 2089 adseverant3

197 2099 343 2133 Silurum
382 2099 521 2133 colorati
554 2099 684 2143 vuitus,
720 2102 800 2134 torti
829 2100 1026 2145 plerumque
1055 2101 1162 2134 crines
1186 2105 1219 2133 et
1240 2101 1349 2144 posita
1372 2105 1487 2133 contra
1509 2099 1672 2144 Hispania
1696 2126 1703 2133 .
1726 2126 1733 2133 .
1757 2099 1857 2133 fidem

196 2152 330 2185 faciunt.
358 2151 392 2184 D
405 2152 458 2194 21,
470 2152 492 2185 4
506 2163 609 2196 „quos
630 2152 712 2186 alios
730 2154 764 2185 in
785 2152 902 2186 eodem
922 2152 1164 2186 valetudinario
1188 2152 1271 2185 haec
1292 2164 1367 2185 ossa
1389 2157 1423 2185 et
1444 2152 1527 2185 haec
1549 2153 1672 2185 macies
1682 2152 1858 2197 probant“,

196 2205 254 2237 ubi
278 2215 372 2247 „ossa
394 2209 427 2236 et
448 2203 589 2236 macies“
616 2203 657 2237 de
680 2204 758 2237 exili
780 2215 901 2248 genere
929 2204 1061 2237 dicendi
1083 2209 1244 2248 usurpata
1267 2210 1343 2237 sunt
1369 2204 1413 2238 cf.
1435 2204 1487 2246 21,
1500 2204 1543 2236 36
1566 2205 1672 2237 oratio
1695 2230 1703 2237 .
1726 2230 1733 2236 .
1755 2215 1795 2237 ea
1819 2229 1826 2237 .
1849 2229 1857 2237 .

195 2256 336 2300 pulchra
369 2261 428 2298 est,
449 2257 484 2289 in
508 2267 574 2300 qua
596 2268 662 2290 non
684 2257 827 2290 eminent
848 2267 953 2289 venae
976 2282 983 2289 .
1007 2281 1029 2298 .,
1060 2255 1119 2289 sed
1147 2262 1352 2300 temperatus
1381 2262 1414 2289 et
1440 2257 1548 2289 bonus
1578 2257 1712 2300 sanguis
1741 2256 1858 2301 implet

195 2308 345 2341 membra
367 2333 374 2340 .
399 2333 406 2340 .
429 2309 585 2352 ipsosque
607 2320 727 2341 nervos
749 2309 853 2342 rubor
873 2309 957 2352 tegit
978 2313 1011 2341 et
1033 2307 1134 2341 decor
1158 2308 1374 2341 commendat.
1395 2326 1439 2330 —
1461 2308 1514 2340 De
1535 2308 1744 2342 naturalibus
1774 2308 1857 2341 desi-

352 2438 376 2474 ι)
395 2437 515 2465 Praeter
524 2437 577 2465 hos
590 2438 669 2466 locos
689 2438 726 2465 ef.
737 2437 764 2465 A
773 2438 797 2471 6,
807 2438 833 2465 8.
851 2438 876 2470 8,
889 2437 914 2464 2.
933 2437 975 2470 32,
986 2437 1029 2464 22.
1047 2437 1069 2471 1,
1081 2438 1121 2470 11,
1132 2438 1157 2465 5.
1175 2437 1264 2470 11‚80,
1276 2438 1317 2464 15.
1337 2437 1410 2470 1‚47,
1419 2437 1462 2464 14.
1481 2437 1531 2471 1v,
1540 2438 1581 2471 69,
1589 2438 1614 2465 8.
1633 2437 1668 2471 v,
1677 2438 1700 2470 1,
1707 2437 1732 2464 3.
1751 2437 1775 2470 2,
1783 2437 1824 2470 72,
1831 2437 1858 2464 6.

352 2482 375 2517 ²)
394 2481 431 2508 cf.
450 2481 551 2517 Lupus
570 2481 861 2518 „Sprachgebmucffl
880 2491 929 2518 pg.
947 2482 1008 2509 209.

351 2525 375 2560 ⁸)
394 2524 439 2551 De
458 2525 548 2552 subst.
566 2525 656 2552 abstr.
674 2534 709 2553 ea
726 2526 754 2552 vi
772 2526 926 2560 usurpatis,
946 2528 980 2552 ut
997 2533 1138 2560 personae
1156 2524 1363 2561 significentur,
1380 2533 1439 2552 non
1457 2524 1531 2551 dico.
