2090 2958
1024 266 1065 299 16

200 363 285 395 rima
307 362 341 394 in
363 361 543 395 Sardianos
563 361 635 395 lues
657 361 838 406 plurimum
859 362 893 395 in
914 361 1048 395 eosdem
1070 361 1316 396 misericordiae
1337 364 1441 397 traxit
1465 363 1505 397 cf.
1522 363 1623 408 Nipp.
1637 363 1668 406 3,
1681 363 1711 397 9.
1748 363 1779 404 3,
1791 364 1843 406 64,
1856 364 1873 397 1

199 415 306 448 Iuliae
316 414 492 457 Augustae
506 413 664 447 valetudo
687 419 786 447 atrox
803 413 1080 447 necessitudinem
1102 414 1245 458 principi
1267 414 1347 448 fecit
1370 441 1377 448 .
1399 441 1407 448 .
1430 415 1565 449 reditus.
1593 416 1875 460 71,11·quotiens

199 465 359 499 valetudo
394 465 535 498 adversa
568 465 735 498 flaminem
770 465 905 498 Dialem
936 466 1131 498 incessisset.
1177 466 1284 499 Multo
1313 466 1473 500 audacius
1503 467 1538 500 id
1561 473 1620 509 est,
1636 467 1728 511 quod
1751 468 1874 510 legitur

203 519 254 561 14,
265 518 319 561 22,
331 518 372 551 21
399 529 522 563 anceps
542 517 700 551 valetudo
727 517 784 559 (sc.
805 516 960 558 Neronis)
985 518 1069 551 iram
1091 516 1190 550 deum
1225 516 1423 552 adfirmavit.
1445 538 1489 542 —
1512 518 1621 553 Semel
1648 519 1696 552 ita
1722 530 1802 552 usus
1825 524 1874 552 est

202 570 361 614 „morbo“
385 569 446 612 IV,
461 570 513 611 84,
528 570 548 602 8
573 575 785 602 cunctantem
806 594 813 602 .
836 595 843 601 .
865 570 974 602 morbi
997 594 1005 601 .
1029 595 1035 601 .
1059 569 1282 612 (fatigabant).

359 622 422 655 His
445 620 640 655 adnectendi
662 620 819 654 videntur
837 622 866 654 ei
889 621 955 654 loci
979 622 1037 655 ubi
1057 621 1157 654 rebus
1167 621 1192 662 ¹)
1215 621 1369 654 secundis
1393 627 1426 655 et
1448 622 1596 656 adversis
1619 628 1652 656 et
1675 633 1760 667 quae
1797 628 1874 655 sunt

202 676 351 708 eiusdem
373 676 511 718 'generis
541 675 628 706 actio
656 674 824 706 tribuitur.
868 673 900 706 A
923 674 976 716 32,
992 675 1014 707 4
1043 686 1141 718 quem
1172 674 1230 714 (sc.
1259 675 1455 716 exercitum)
1488 701 1495 708 .
1525 701 1532 708 .
1558 681 1595 709 ut
1626 675 1790 709 secundae
1819 686 1873 708 res

202 732 337 770 tenent,
369 727 416 759 ita
449 725 609 758 adversae
643 725 833 758 dissolvent.
883 725 910 767 I,
941 726 992 767 15,
1015 726 1058 758 20
1089 725 1253 757 secundae
1286 736 1340 758 res
1374 727 1560 759 acrioribus
1581 727 1724 760 stimulis
1746 728 1873 759 animos

202 779 389 823 explorant.
421 779 465 820 Π,
479 779 507 820 1,
521 779 559 811 11
584 778 779 821 (augebant)
802 777 925 811 famam
941 803 948 810 .
965 804 971 810 .
987 788 1168 823 prosperae
1190 777 1387 822 Vespasiani
1409 789 1471 811 res.
1503 778 1566 820 ΙΠ,
1580 779 1633 822 49,
1646 779 1668 812 4
1686 779 1827 812 felicitas
1842 804 1849 811 .
1866 804 1873 812 .

202 831 394 875 superbiam
429 835 606 873 ceteraque
640 829 772 862 occulta
809 829 898 861 mala
933 830 1102 873 patefecit.
1138 848 1182 852 —
1216 830 1249 861 D
1277 830 1329 871 37,
1352 830 1395 862 22
1425 842 1511 874 quae
1541 831 1630 864 mala
1664 832 1873 875 eloquentiae

201 883 375 916 materiam
403 882 707 915 subministrabant.
751 881 779 923 I,
801 881 853 923 89,
875 881 897 913 4
924 881 1006 913 belli
1036 881 1123 913 mala
1149 905 1156 913 .
1179 905 1206 923 .,
1228 892 1314 924 quae
1337 886 1430 914 motu
1452 881 1603 914 Vindicis
1624 882 1714 915 haud
1735 882 1873 926 perinde

202 935 337 980 plebem
369 935 574 967 attriverant.
626 933 686 976 IV,
711 934 764 976 54,
791 933 832 966 15
866 934 893 966 si
926 933 1090 978 populum
1122 933 1309 966 Romanum
1336 959 1343 966 .
1366 959 1373 966 .
1402 935 1532 967 interna
1565 934 1653 967 mala
1687 934 1872 978 fregissent.

202 987 299 1029 A34,
312 987 350 1019 11
374 986 573 1018 novissimae
594 997 648 1018 res
673 992 705 1019 et
728 991 877 1018 extremo
900 991 992 1018 metu
1012 991 1128 1029 torpor
1144 985 1290 1017 defixere
1312 987 1426 1018 aciem.
1458 986 1504 1027 ΙΙ,
1517 987 1547 1028 7,
1560 987 1580 1018 9
1593 986 1715 1019 multos
1731 986 1872 1019 dulcedo

202 1038 403 1084 praedarum
435 1038 642 1080 stimulabat,
677 1038 761 1071 alios
796 1038 973 1080 ambiguae
1008 1037 1097 1070 domi
1127 1048 1189 1069 res.
1233 1036 1293 1079 IV,
1308 1037 1393 1079 37,5
1415 1049 1469 1070 res
1490 1037 1650 1071 adversae
1673 1037 1873 1070 discordiam

202 1101 372 1136 peperere.
419 1090 470 1131 11,
497 1089 549 1132 32,
571 1090 589 1122 7
615 1090 794 1123 Messalina
821 1115 828 1122 .
852 1114 875 1131 .,
908 1101 1110 1134 quamquam
1132 1100 1185 1121 res
1209 1088 1368 1122 adversae
1398 1089 1571 1122 consilium
1591 1090 1782 1131 eximerent,
1806 1114 1813 1121 .
1833 1114 1840 1121 .
1865 1115 1872 1122 .

202 1143 265 1184 111,
275 1143 329 1183 41,
342 1142 383 1174 13
407 1153 491 1185 quos
514 1141 655 1174 adversa
677 1154 744 1174 non
766 1147 986 1174 mutaverant.
1034 1141 1084 1181 12,
1100 1141 1152 1182 31,
1171 1141 1192 1173 2
1221 1141 1255 1173 in
1282 1142 1455 1174 Britannia
1481 1142 1518 1174 P.
1546 1141 1716 1175 Ostorium
1739 1167 1746 1174 .
1769 1166 1776 1173 .
1804 1147 1870 1174 tur-

201 1193 300 1229 bidae
333 1204 387 1226 res
410 1204 581 1238 excepere.
632 1192 693 1235 IV,
715 1193 767 1236 84,
794 1194 815 1226 8
849 1198 1062 1226 cunctantem
1095 1193 1188 1225 varia
1222 1194 1385 1237 pernicies
1412 1219 1418 1225 .
1443 1219 1449 1225 .
1484 1193 1657 1237 fatigabat.
1702 1193 1732 1235 6,
1750 1193 1805 1235 26,
1832 1194 1870 1225 11

200 1246 409 1290 Agrippinae
447 1246 612 1290 pernicies
638 1271 645 1278 .
676 1271 683 1278 .
711 1246 905 1278 Plancinam
937 1246 1049 1278 traxit.
1097 1246 1124 1287 1,
1139 1245 1190 1287 73,
1204 1245 1224 1278 3
1249 1251 1374 1289 quanta
1397 1245 1523 1279 Tiberii
1547 1251 1619 1279 arte
1641 1245 1873 1289 gravissimum

201 1299 340 1332 exitium
368 1298 544 1342 inrepserit
572 1323 579 1330 .
608 1323 615 1330 .
647 1303 833 1342 cunctaque
862 1298 1071 1342 corripuerit.
1119 1298 1151 1339 4,
1175 1298 1227 1339 62,
1251 1298 1291 1330 21
1324 1304 1514 1342 „comperto
1540 1309 1623 1342 quos
1645 1297 1703 1330 illa
1724 1298 1775 1330 vis
1797 1308 1870 1341 per-

201 1350 370 1386 culisset“:
392 1350 481 1384 idem
501 1350 707 1395 intellegitur
728 1350 820 1395 quod
841 1362 872 1384 v.
885 1350 905 1383 2
928 1350 1050 1384 dicitur
1072 1350 1204 1383 malum.
1241 1350 1271 1393 6,
1286 1350 1372 1393 23,4
1396 1350 1548 1384 incusare
1570 1361 1675 1393 casus,
1698 1350 1755 1395 qui
1776 1361 1871 1383 reum

200 1404 423 1438 abstulissent.

358 1455 500 1498 Bellum,
522 1454 651 1497 seditio,
673 1454 848 1499 proelium,
872 1453 993 1497 clades,
1015 1466 1083 1499 pax
1103 1466 1256 1499 quaeque
1276 1459 1352 1487 sunt
1375 1454 1494 1487 similia
1517 1466 1593 1487 cum
1618 1455 1730 1487 verbis
1753 1454 1872 1497 agendi

201 1509 492 1550 coniunguntur.²)
537 1507 590 1539 Ac
624 1506 666 1539 de
702 1506 822 1549 „belli“
860 1518 922 1539 usu
956 1507 1036 1539 satis
1068 1507 1175 1539 habeo
1211 1507 1358 1550 legentes
1386 1506 1592 1550 delegavisse
1622 1506 1666 1539 ad
1688 1506 1770 1539 Lex.
1794 1506 1873 1539 Tac.

198 1571 255 1605 pg.
281 1559 342 1591 139
366 1559 408 1601 e),
429 1559 488 1591 ubi
512 1570 551 1591 ea
575 1570 661 1603 quae
683 1558 748 1591 huc
771 1559 939 1602 pertinent
959 1558 1180 1590 inveniuntur.
1215 1558 1309 1591 Unus
1321 1558 1415 1591 locus
1427 1558 1560 1591 videtur
1576 1557 1764 1590 afferendus
1787 1569 1871 1590 esse:

198 1612 316 1653 Π,6,7
343 1622 477 1653 „omnes
499 1617 591 1644 trans
613 1622 704 1644 mare
727 1616 878 1643 secutum
902 1615 951 1642 est
974 1610 1119 1643 bellum“
1143 1616 1281 1655 propter
1304 1610 1562 1652 similitudinem,
1585 1621 1672 1654 quae
1684 1611 1714 1643 ei
1727 1615 1776 1643 est
1797 1622 1872 1643 cum

199 1662 434 1703 Sallustiano³)
466 1663 541 1694 loco
574 1668 607 1694 et
638 1662 788 1694 Liviano.
833 1661 961 1693 Eadem
988 1663 1117 1694 ratione
1144 1662 1203 1703 IV,
1223 1663 1253 1702 3,
1275 1662 1316 1693 12
1346 1662 1457 1694 civilia
1488 1674 1580 1694 arma
1604 1687 1612 1694 .
1636 1687 1643 1694 .
1668 1663 1773 1694 omnis
1795 1674 1870 1706 pro-

198 1714 327 1747 vincias
361 1714 594 1758 exercitusque
624 1713 859 1746 lustraverant.
891 1730 934 1735 —
957 1711 989 1745 A
1012 1713 1062 1756 16,
1079 1713 1121 1746 23
1144 1713 1262 1746 seditio
1287 1714 1356 1745 sine
1379 1714 1539 1756 sanguine
1563 1714 1662 1745 stetit.
1706 1713 1751 1755 11,
1763 1713 1816 1755 68,
1829 1713 1871 1745 23

199 1767 334 1811 saepius
361 1792 368 1798 .
400 1792 407 1798 .
438 1765 636 1810 Verginium
670 1766 776 1798 omnis
806 1764 924 1798 seditio
957 1765 1136 1798 infestavit.
1183 1766 1234 1808 13,
1248 1766 1301 1808 48,
1315 1765 1338 1797 4
1361 1776 1400 1798 ea
1421 1765 1538 1798 seditio
1563 1764 1606 1798 ad
1630 1777 1711 1798 saxa
1734 1790 1741 1797 .
1765 1790 1772 1797 .
1794 1776 1869 1809 pro-

199 1830 315 1864 gressa
348 1830 390 1851 ne
426 1818 562 1851 caedem
598 1824 630 1851 et
666 1830 758 1851 arma
785 1817 974 1862 proliceret.
1021 1818 1148 1861 1,16,2
1171 1818 1319 1861 legiones
1342 1817 1460 1851 seditio
1491 1818 1634 1850 incessit.
1678 1817 1788 1851 Semel
1819 1823 1869 1850 tu-

198 1872 323 1905 multus
347 1872 394 1904 ita
416 1871 540 1915 legitur
561 1871 702 1914 11,49‚2
725 1882 823 1904 curas
846 1871 955 1903 animo
976 1870 1183 1904 volutantem
1204 1882 1324 1915 repens
1346 1870 1508 1904 tumultus
1531 1869 1770 1913 avertit.—V,
1785 1870 1835 1912 10,
1850 1870 1872 1903 3

200 1923 317 1956 Suriae
343 1923 492 1965 legatum
517 1924 612 1956 varia
633 1923 761 1967 proelia
784 1934 823 1955 ac
846 1923 978 1966 saepius
1001 1922 1142 1955 adversa
1166 1934 1337 1967 excepere.
1383 1923 1433 1965 12,
1448 1923 1500 1965 39,
1522 1923 1562 1956 15
1590 1922 1709 1955 ducem
1732 1948 1738 1955 .
1768 1948 1775 1955 .
1805 1934 1872 1955 non

198 1974 374 2019 proelium,
395 1979 429 2008 at
452 1980 541 2008 certe
565 1974 691 2008 bellum
715 1974 961 2019 absumpsisset.
994 1973 1027 2007 A
1040 1974 1093 2017 30,
1106 1975 1123 2007 7
1148 1975 1277 2019 priores
1298 1985 1431 2019 pugnae
1455 1999 1461 2006 .
1480 1999 1487 2007 .
1508 1985 1601 2019 spem
1626 1986 1665 2007 ac
1686 1973 1871 2006 subsidium

198 2027 233 2059 in
258 2027 380 2059 nostris
402 2027 554 2059 manibus
575 2026 746 2060 habebant
768 2027 787 2059 i.
812 2038 839 2059 e.
863 2027 892 2059 ei
917 2027 974 2070 qui
996 2027 1165 2071 prioribus
1187 2028 1309 2070 pugnis
1333 2027 1514 2060 certabant.
1540 2045 1581 2050 —
1600 2027 1628 2068 1,
1639 2027 1692 2069 51,
1705 2027 1723 2059 7
1747 2026 1870 2059 excivit

360 2156 382 2191 ¹)
402 2156 483 2183 Caes.
509 2155 537 2182 b.
558 2155 594 2182 G.
614 2156 637 2187 7,
654 2156 695 2187 30,
715 2156 731 2182 3
753 2156 928 2191 reliquorum
953 2156 1160 2191 imperatorum
1184 2164 1230 2183 res
1259 2155 1398 2183 adversae
1426 2156 1630 2184 auctoritatem
1653 2154 1793 2182 minuunt.
1830 2154 1870 2182 At

200 2199 300 2227 eodem
329 2199 394 2226 loco
422 2199 566 2225 actionem
595 2198 806 2232 „incommodo“
833 2199 961 2225 tribuere
987 2199 1096 2225 veritus
1115 2202 1167 2225 est.
1204 2198 1266 2225 Liv.
1285 2199 1327 2230 27,
1339 2200 1363 2231 3,
1376 2200 1401 2226 8.
1426 2200 1468 2232 30,
1482 2200 1523 2231 30,
1538 2200 1573 2225 10
1590 2200 1647 2225 iam
1665 2201 1747 2225 aetas
1766 2207 1867 2230 senem,

201 2264 208 2271 .
228 2264 235 2271 .
254 2244 312 2271 iam
342 2242 494 2275 secundae,
523 2242 581 2269 iam
611 2241 751 2270 adversae
778 2250 823 2270 res
848 2263 855 2269 .
881 2263 887 2269 .
913 2241 1108 2270 erudiverunt.
1145 2242 1186 2275 27,
1200 2242 1242 2275 40,
1256 2242 1274 2269 4
1292 2242 1418 2270 secunda
1438 2263 1444 2269 .
1464 2263 1471 2269 .
1490 2245 1574 2279 gesta
1593 2262 1599 2268 .
1621 2262 1627 2268 .
1646 2249 1706 2268 rem
1723 2240 1869 2277 publicam

200 2295 382 2365 ΘΧ(κῳιεεθᾎ)
402 2328 483 2356 Caes.
497 2328 531 2356 .b.
551 2327 586 2355 G.
608 2328 631 2360 1,
649 2328 692 2360 40,
711 2328 737 2355 8.
775 2328 839 2355 Liv.
858 2328 899 2359 27,
922 2328 965 2360 40,
986 2328 1004 2354 4
1039 2337 1103 2355 cum
1130 2349 1136 2355 .
1162 2349 1168 2355 .
1188 2329 1284 2356 clades
1304 2349 1310 2355 .
1334 2349 1341 2355 .
1361 2329 1504 2356 exercitus
1524 2348 1530 2354 .
1550 2348 1556 2354 .
1576 2328 1707 2355 delesset.
1743 2329 1836 2361 2833,
1851 2331 1867 2356 7

203 2373 310 2408 „maior
342 2373 444 2401 caedes
473 2372 531 2400 fuit
564 2381 650 2408 quam
681 2375 819 2409 quantam
840 2371 925 2400 edere
945 2371 1020 2399 levia
1040 2392 1046 2398 .
1069 2393 1075 2399 .
1094 2372 1204 2408 proelia
1224 2372 1346 2401 solent“:
1366 2372 1445 2409 quod
1466 2371 1669 2408 proeliantium
1689 2374 1740 2405 est,
1759 2372 1869 2408 proelio

202 2417 259 2452 ipsi
287 2416 432 2443 tribuitur.
478 2417 520 2449 30,
541 2417 583 2449 31,
606 2417 624 2443 4
653 2437 659 2443 .
680 2437 686 2443 .
704 2417 879 2452 periculum,
899 2436 905 2442 .
926 2436 931 2442 .
952 2416 1095 2443 excidium
1122 2417 1206 2444 nobis
1225 2437 1231 2443 .
1252 2437 1257 2443 .
1278 2425 1359 2444 arma
1391 2417 1557 2443 induerunt.
1594 2417 1635 2449 27,
1654 2417 1697 2449 40,
1716 2417 1741 2443 3.
1778 2416 1822 2449 44,
1841 2418 1867 2444 5.

201 2460 244 2492 28,
264 2460 304 2492 15,
324 2460 365 2486 13.
401 2460 444 2491 44,
463 2460 481 2486 8
498 2460 588 2487 multa
607 2480 613 2486 .
633 2480 639 2486 .
659 2460 764 2487 bellum
791 2460 911 2496 aperiet.
947 2460 989 2492 29,
1009 2460 1031 2491 1,
1053 2460 1078 2486 4.
1116 2460 1139 2492 6,
1159 2460 1200 2487 13.
1238 2461 1261 2492 7,
1285 2460 1327 2487 10.
1363 2460 1405 2491 35,
1425 2459 1450 2492 4,
1474 2460 1497 2486 1.
1534 2459 1576 2492 38,
1594 2460 1636 2493 32,
1658 2460 1683 2487 3.
1719 2460 1760 2492 29,
1780 2460 1821 2492 26,
1842 2460 1868 2487 4.

358 2503 382 2539 ⁸)
401 2503 492 2539 Epist.
511 2503 610 2540 Pomp.
628 2506 651 2538 5.
671 2504 688 2531 9
707 2504 849 2532 exercitus
867 2503 935 2531 hinc
954 2506 983 2531 et
1002 2512 1066 2531 cum
1085 2512 1119 2531 eo
1145 2512 1227 2531 omne
1257 2503 1364 2531 bellum
1382 2503 1544 2539 Hispaniae
1574 2504 1604 2531 in
1633 2504 1749 2532 Italiam
1776 2506 1868 2531 trans-

200 2547 378 2585 gredientur.
407 2548 470 2575 Liv.
488 2549 512 2580 3,
532 2549 573 2581 68,
593 2549 608 2576 7
627 2548 732 2577 bellum
752 2570 758 2576 .
778 2570 785 2576 .
804 2558 899 2577 arcem
912 2552 941 2577 et
953 2548 1129 2585 Capitolium
1141 2548 1268 2581 scandet,
1290 2548 1362 2576 etin
1373 2547 1472 2576 domos
1485 2551 1596 2577 vestras
1609 2557 1660 2577 vos
1670 2552 1867 2587 persequetur.
