2090 2958
1005 244 1048 276 22

180 337 328 379 rentur“,
351 350 497 381 quocum
519 344 597 382 apte
621 340 808 383 comparari
831 345 942 383 potest
973 340 1003 381 6,
1019 340 1070 381 33,
1088 340 1129 372 14
1158 340 1315 373 bibemus
1343 346 1455 373 auster
1484 342 1628 375 revolvit
1647 342 1767 376 fluctus
1788 343 1859 387 pul-

181 400 286 433 soque
308 390 473 422 introrsus
493 390 579 423 freto
602 391 720 423 brevia
742 391 878 423 litorum
898 390 1075 423 nudantur.
1097 409 1142 413 —
1163 391 1410 436 Nonnunquam
1433 392 1487 434 fit,
1516 398 1554 425 ut
1576 394 1763 426 subiectum
1785 405 1858 439 per-

181 441 295 474 sonale
330 441 422 485 quod
454 442 576 475 dicitur
608 443 710 475 rebus
741 443 982 487 interponatur.
1027 443 1122 485 ΙΙ,3,
1147 444 1162 475 1
1195 443 1401 476 conditorem
1433 444 1550 488 templi
1585 447 1700 488 regem
1722 445 1858 479 Aeriam

179 499 278 526 vetus
299 495 470 537 memoria,
493 494 627 538 quidam
649 495 755 538 ipsius
774 494 856 527 deae
878 506 999 527 nomen
1019 495 1053 527 id
1076 495 1265 539 perhibent:
1301 496 1391 528 fama
1414 496 1580 528 recentior
1602 496 1729 554 tradit.
1770 498 1861 531 .Sed

180 545 245 579 hoc
266 546 496 591 exemplorum
518 558 623 590 genus
645 547 754 579 minus
777 547 964 580 observavi.

339 598 417 631 Non
446 598 601 641 indignus
627 597 761 631 videtur
791 599 876 631 alius
905 611 985 632 usus
1014 601 1071 644 qui
1100 599 1163 632 hoc
1193 600 1267 632 loco
1293 601 1485 633 subiciatur.
1530 600 1638 645 Saepe
1660 602 1746 633 enim
1770 601 1860 645 apud

183 649 342 683 Tacitum
364 651 572 684 substantiva
597 650 750 684 diversae
772 652 916 684 notionis
927 664 981 685 res
995 651 1215 696 significantia
1227 652 1454 685 subiectorum
1465 653 1595 686 vicibus
1607 654 1654 686 ita
1665 653 1859 696 funguntur,

182 709 221 736 ut
242 714 346 736 unum
368 704 509 736 verbum
533 702 654 746 agendi
677 702 824 736 habeant
847 703 1055 737 adiunctum:
1078 716 1177 749 quam
1201 715 1272 736 rem
1292 705 1409 748 paucis
1430 705 1591 749 exemplis
1615 705 1858 738 demonstrasse

183 756 264 789 satis
293 756 411 789 habeo.
466 754 498 788 A
523 756 573 798 11,
589 755 612 788 4
644 756 724 788 torti
749 781 756 788 .
780 781 786 788 .
812 757 918 789 crines
950 762 983 789 et
1014 758 1123 801 posita
1155 762 1271 789 contra
1298 756 1462 801 Hispania
1497 782 1504 789 .
1543 783 1550 790 .
1587 757 1687 790 fidem
1722 757 1857 790 faciunt.

182 808 229 851 II,
247 809 276 850 1,
290 809 332 842 10
351 809 496 852 augebat
519 808 642 841 samam
666 834 673 841 .
697 835 704 842 .
728 808 797 841 Titi
819 810 988 853 ingenium
1011 835 1018 842 .
1042 835 1064 850 .,
1087 808 1187 842 decor
1209 810 1275 842 oris
1296 835 1302 842 .
1323 834 1345 851 .,
1368 820 1550 854 prosperae
1574 809 1772 855 Vespasiani
1794 821 1858 852 res,

182 872 346 906 praesaga
368 872 542 905 responsa,
577 866 610 893 et
625 886 632 893 .
650 886 656 893 .
673 861 820 894 fortuita.
867 861 916 904 15,
932 861 985 903 57,
1001 862 1021 894 3
1055 861 1146 894 illam
1168 873 1234 893 non
1257 862 1417 904 verbera,
1447 873 1514 895 non
1534 863 1637 906 ignes,
1659 873 1726 895 non
1748 863 1797 894 ira
1819 887 1826 894 .
1849 887 1856 894 .

182 914 409 957 torquentium
432 938 439 944 .
463 938 470 945 .
492 914 675 957 pervicere,
692 915 772 957 quin
794 939 801 946 .
825 939 831 945 .
854 914 885 955 2,
908 914 958 955 17,
982 915 1031 946 19.
1067 914 1161 955 19,1.
1192 914 1244 952 62,
1260 914 1308 947 10.
1341 914 1392 956 82,
1410 915 1458 947 19.
1498 914 1611 957 13,15,
1625 915 1674 947 13.
1710 915 1741 956 3,
1756 915 1809 956 5Ο,
1827 915 1856 947 6.

183 966 214 1007 6,
225 966 277 1006 38,
290 965 320 996 4.
350 966 402 1006 50,
419 966 447 996 1.
478 965 532 1006 50,
548 966 575 996 7.
607 965 657 1006 16,
671 966 721 1007 18,
736 965 765 997 5.
786 983 831 987 —-

338 1017 489 1059 Animus,
514 1022 628 1062 partes
652 1018 767 1060 animi,
790 1018 980 1062 saepissime
1004 1016 1181 1059 affectus*)
1205 1017 1303 1050 animi
1327 1023 1463 1060 agentes
1485 1016 1695 1051 iuducuntur.
1739 1017 1791 1051 Ae
1815 1017 1856 1051 de

181 1082 245 1103 usu
268 1069 407 1112 „animi“
432 1069 535 1102 affero
560 1069 594 1101 D
619 1070 669 1111 12,
686 1070 706 1101 6
728 1068 853 1102 secedit
876 1070 1004 1102 animus
1026 1071 1060 1102 in
1084 1070 1158 1102 loca
1178 1081 1262 1113 pura
1293 1095 1299 1101 .
1332 1095 1338 1101 .
1367 1070 1555 1114 fruiturque
1582 1070 1716 1103 sedibus
1744 1071 1855 1103 sacris.

179 1122 225 1164 H,
239 1122 292 1163 47,
308 1121 349 1154 14
373 1127 427 1154 eat
448 1121 502 1154 hic
524 1132 655 1154 mecum
678 1122 815 1154 animus.
860 1121 967 1153 Multo
992 1121 1151 1153 audacius
1178 1120 1262 1153 illud
1285 1127 1351 1163 est,
1377 1121 1467 1165 quod
1490 1121 1616 1154 Seneca
1640 1121 1680 1154 de
1706 1133 1740 1154 se
1776 1121 1855 1154 dicit

182 1174 234 1217 14,
248 1174 301 1216 53,
316 1174 359 1207 20
381 1174 510 1206 animus
535 1199 541 1206 .
562 1199 569 1206 .
593 1174 669 1206 talis
691 1173 806 1206 hortos
830 1174 970 1206 exstruit
993 1179 1025 1206 et
1048 1184 1109 1217 per
1119 1173 1201 1206 haec
1217 1173 1409 1207 suburbana
1430 1173 1553 1207 incedit
1580 1180 1612 1207 et
1636 1200 1642 1207 .
1666 1199 1672 1206 .
1696 1180 1765 1207 tam
1787 1174 1856 1207 lato

181 1226 317 1259 faenore
341 1226 512 1258 exuberat.
535 1244 580 1248 —
601 1226 751 1268 Ingenio,
773 1226 908 1266 rationi,
939 1226 1042 1258 menti
1074 1225 1192 1257 tribuit
1215 1225 1352 1257 Tacitus
1376 1227 1538 1258 actionem
1562 1226 1594 1258 D
1617 1227 1669 1268 21,
1684 1226 1726 1259 23
1748 1228 1856 1258 minus

182 1278 292 1311 effecit
326 1289 426 1322 quam
458 1277 607 1310 divinum
643 1279 713 1310 eius
747 1278 916 1320 ingenium
948 1277 1151 1321 postulabat.
1197 1275 1227 1309 A
1256 1277 1288 1319 4,
1311 1278 1349 1309 17
1381 1278 1520 1310 sublime
1545 1303 1552 1310 .
1576 1303 1583 1310 .
1608 1278 1776 1321 ingenium
1798 1277 1855 1318 (sc.

180 1330 375 1375 Agricolae)
411 1329 693 1375 pulchritudinem
723 1355 730 1362 .
761 1355 768 1362 .
799 1330 947 1363 eccelsae
970 1330 1096 1374 gloriae
1119 1355 1125 1361 .
1152 1355 1158 1361 .
1182 1328 1372 1373 adpetebat.
1415 1330 1460 1372 II,
1486 1330 1579 1373 1,10.
1614 1329 1647 1362 A
1669 1330 1700 1372 4,
1715 1330 1754 1363 19
1777 1341 1856 1363 mox

179 1385 347 1427 mitigavit
371 1384 431 1424 (sc.
453 1384 542 1425 eum)
565 1384 652 1416 ratio
675 1388 708 1415 et
731 1388 832 1415 aetas.
879 1382 957 1415 Alia
980 1381 1178 1426 significatio
1204 1382 1380 1424 „rationis“
1405 1382 1527 1426 legitur
1557 1383 1589 1416 A
1614 1383 1721 1425 18,2O
1753 1394 1855 1416 naves

181 1435 333 1469 deerant:
368 1437 454 1468 ratio
472 1441 504 1468 et
521 1436 706 1468 constantia
722 1434 816 1467 ducis
839 1436 1033 1467 transvexit.
1078 1434 1111 1466 D
1131 1435 1180 1476 17,
1192 1434 1236 1466 20
1258 1435 1284 1466 si
1309 1445 1384 1467 eum
1400 1460 1407 1466 .
1424 1460 1430 1466 .
1446 1435 1501 1467 vel
1525 1436 1701 1479 captivitas
1721 1435 1776 1467 vel
1798 1447 1853 1467 vo-

179 1488 291 1521 luntas
327 1514 334 1522 .
368 1514 374 1520 .
408 1489 442 1520 in
478 1488 596 1520 urbem
631 1487 859 1531 pertraxisset.
906 1488 934 1529 1,
957 1487 1010 1529 43,
1033 1487 1053 1519 9
1077 1493 1145 1528 tua,
1170 1486 1246 1519 dive
1268 1485 1431 1529 Auguste,
1454 1512 1461 1519 .
1486 1512 1493 1519 .
1519 1498 1621 1528 mens,
1655 1493 1723 1529 tua,
1758 1493 1854 1531 pater

179 1541 302 1583 Druse,
324 1542 445 1583 imago,
467 1540 515 1572 tui
539 1540 698 1571 memoria
715 1539 868 1572 ..eluant
891 1539 975 1572 hanc
998 1539 1171 1571 maculam.
1185 1537 1382 1571 —Nomina
1405 1539 1585 1571 affectuum
1609 1540 1854 1582 coniunguntur

180 1605 256 1626 cum
278 1593 391 1625 verbis
414 1591 573 1634 intrandi,
602 1590 795 1633 invadendi,
823 1591 1012 1632 incedendi,
1035 1590 1187 1635 capiendi
1211 1596 1243 1623 et
1267 1602 1352 1634 quae
1375 1596 1451 1624 sunt
1475 1591 1602 1624 similia.
1646 1591 1679 1624 A
1701 1592 1788 1634 5,14
1808 1592 1853 1624 in-

178 1647 282 1680 travit
305 1646 450 1678 animum
470 1645 623 1677 militaris
645 1643 753 1687 gloria
776 1643 907 1688 cupido.
952 1643 996 1686 ΙΙ,
1013 1644 1043 1685 2,
1065 1644 1084 1676 8
1111 1643 1205 1675 illum
1232 1642 1353 1687 cupido
1384 1644 1517 1676 incessit
1548 1643 1690 1676 adeundi
1713 1669 1720 1676 .
1744 1669 1751 1676 .
1774 1649 1852 1676 tem-

179 1698 283 1743 plum.
327 1697 369 1735 V,
388 1697 441 1739 23,
463 1698 489 1729 1.
534 1696 588 1729 De
616 1696 770 1728 absoluto
802 1697 859 1739 qui
887 1695 1008 1728 dicitur
1031 1707 1093 1728 usu
1115 1696 1211 1728 verbi
1234 1695 1408 1728 incedendi
1432 1695 1475 1728 cf.
1495 1695 1575 1728 Her.
1601 1695 1644 1728 ad
1664 1696 1709 1737 11,
1730 1696 1781 1738 63,
1804 1696 1853 1728 12.

181 1751 210 1791 1,
234 1750 287 1791 49,
314 1749 355 1781 12
389 1755 500 1781 truces
531 1773 538 1779 .
570 1773 576 1779 .
605 1748 731 1779 animos
760 1747 881 1790 cupido
911 1748 1038 1779 involat
1066 1747 1164 1779 eundi
1187 1748 1221 1778 in
1241 1747 1378 1779 hostem.
1423 1748 1506 1789 61,1
1532 1747 1653 1791 cupido
1677 1746 1853 1779 Caesarem

179 1800 308 1835 invadit
339 1799 488 1834 solvendi
524 1811 679 1844 suprema
717 1799 886 1832 militibus.
931 1799 958 1842 I,
981 1799 1033 1842 37,
1062 1800 1103 1832 10
1132 1798 1250 1831 horror
1280 1799 1425 1832 animum
1448 1799 1546 1832 subit.
1592 1799 1676 1842 63,8
1695 1799 1723 1831 is
1745 1804 1853 1832 terror

179 1854 307 1888 Gallias
334 1854 471 1895 invasit,
506 1858 544 1885 ut
567 1878 573 1884 .
597 1878 604 1884 .
632 1852 695 1893 111,
710 1852 762 1892 63,
780 1852 821 1884 14
850 1857 943 1884 tanta
971 1851 1112 1896 torpedo
1140 1852 1307 1884 invaserat
1338 1852 1500 1894 animum,
1521 1857 1558 1884 ut
1581 1877 1588 1884 .
1612 1877 1619 1884 .
1645 1853 1674 1893 1,
1688 1852 1775 1894 39,4
1794 1863 1850 1896 pa·

178 1906 275 1939 vidos
305 1931 312 1938 .
345 1931 351 1938 .
379 1907 481 1938 intrat
519 1910 635 1937 metus.
698 1905 748 1947 11,
763 1904 815 1946 28,
831 1904 851 1937 8
886 1904 1020 1937 subibat
1047 1929 1054 1936 .
1083 1929 1090 1936 .
1116 1909 1223 1936 metus
1256 1909 1450 1948 reputantes
1478 1904 1632 1937 hebetem
1667 1903 1852 1937 Claudium.

178 1959 256 1992 Non
281 1958 409 1991 adiecto
433 1958 624 1990 accusativo
647 1957 770 2000 legitur
792 1957 932 1989 verbum
948 1955 1111 1989 subeundi
1127 1955 1159 1988 A
1172 1956 1202 1997 3,
1217 1956 1246 1988 9.
1270 1956 1297 1997 I,
1314 1956 1364 1997 13,
1382 1956 1431 1989 10.
1454 1956 1516 1998 ΙΙΙ,
1531 1956 1584 1998 31,
1601 1957 1655 1998 19;
1678 1962 1852 2001 praeterea

178 2011 210 2054 2,
224 2010 289 2053 2‚5
312 2011 369 2054 qui
392 2010 485 2042 locus
509 2009 679 2042 Heraeum
703 2009 790 2052 fugit
813 2008 854 2041 cf.
876 2008 919 2041 ad
940 2008 967 2050 I,
984 2008 1024 2040 13
1048 2013 1080 2040 et
1101 2008 1146 2049 II,
1160 2008 1209 2040 70.
1255 2007 1364 2040 Semel
1391 2019 1470 2040 usus
1500 2014 1549 2040 est
1578 2007 1714 2041 Tacitus
1746 2008 1850 2040 verbo

178 2062 378 2107 occupandi,
400 2061 490 2106 quod
511 2061 601 2106 apud
623 2062 752 2105 priores
771 2061 850 2093 satis
872 2061 1031 2093 usitatum
1054 2066 1116 2093 est:
1146 2060 1177 2102 4,
1198 2060 1249 2102 74,
1269 2060 1290 2093 3
1321 2071 1427 2104 pavor
1456 2060 1605 2093 internus
1628 2064 1852 2104 occupaverat

178 2116 307 2149 animos
342 2114 383 2147 cf.
419 2115 450 2156 6,
472 2114 524 2149 24,
552 2114 590 2146 17
628 2113 857 2146 obturbabant
884 2138 890 2144 .
928 2138 934 2144 .
964 2118 1077 2156 patres
1100 2137 1107 2144 .
1131 2124 1154 2145 .:
1179 2112 1237 2145 sed
1259 2113 1458 2156 penetrabat
1481 2124 1588 2157 pavor
1610 2118 1642 2145 et
1666 2112 1850 2145 admiratio.

179 2170 208 2212 1,
229 2169 283 2212 43,
308 2169 346 2201 11
382 2178 466 2212 quos
499 2168 565 2199 iam
600 2165 708 2211 pudor
742 2172 774 2198 et
807 2165 914 2209 gloria
942 2165 1053 2197 intrat.
1100 2165 1149 2207 16,
1162 2165 1246 2207 26,8
1269 2170 1306 2197 ut
1330 2164 1497 2198 Neronem
1518 2164 1720 2208 flagitiorum
1741 2163 1850 2208 pudor

334 2272 361 2307 ²⁸⁸)
388 2270 476 2306 Apud
503 2269 655 2297 Caesarem
679 2271 707 2295 et
733 2268 897 2296 Sallustium
925 2276 993 2294 usus
1024 2267 1272 2294 substantivorum
1297 2267 1452 2294 affectuum
1478 2266 1539 2294 fere
1563 2266 1636 2293 nihil
1667 2266 1849 2294 memorabile

176 2316 273 2344 habet.
309 2315 459 2343 Afferendi
484 2313 619 2341 videntur
641 2313 727 2348 pauci
754 2312 818 2339 loci.
855 2311 882 2338 b.
902 2311 938 2338 G.
958 2311 1069 2343 3‚17,4
1094 2320 1166 2347 quos
1186 2320 1251 2347 spes
1276 2310 1437 2347 praedandi
1464 2309 1648 2345 studiumque
1666 2309 1792 2338 bellandi
1811 2311 1848 2338 ab

177 2360 356 2396 agricultura
382 2380 388 2386 .
417 2380 423 2386 .
449 2358 614 2386 revocabat.
652 2357 675 2389 6,
696 2356 739 2389 34,
757 2356 774 2383 4
800 2355 925 2391 praedae
960 2355 1104 2390 cupiditas
1137 2355 1242 2383 multos
1273 2355 1388 2391 longius
1419 2353 1569 2381 evocabat.
1613 2354 1636 2387 7,
1654 2354 1695 2387 26,
1715 2354 1733 2382 4
1764 2355 1849 2383 timor

177 2404 403 2431 misericordiam
421 2412 488 2431 nonv
501 2402 614 2438 recipit.
652 2401 730 2429 Satis
751 2399 908 2427 insolenter
926 2399 993 2427 Sall.
1014 2399 1077 2435 Iug.
1096 2400 1138 2431 57,
1150 2399 1167 2426 6
1185 2408 1220 2427 ne
1239 2399 1304 2426 illos
1323 2398 1452 2435 quidem,
1478 2398 1528 2434 qui
1552 2398 1651 2433 procul
1676 2402 1847 2432 manserant,

178 2449 264 2475 timor
288 2449 374 2475 animi
399 2449 471 2475 satis
495 2447 666 2474 muniverat.
704 2445 762 2477 108,
782 2445 800 2472 3
823 2443 981 2471 lubidinem
1006 2443 1160 2471 advorsum
1184 2453 1250 2477 nos,
1275 2446 1382 2471 metum
1400 2452 1453 2478 pro
1474 2442 1558 2470 nobis
1578 2444 1709 2472 suasisse.
1730 2460 1763 2464 —
1783 2443 1846 2471 Liv.

178 2492 324 2525 27,12,16.
361 2493 402 2524 28,
422 2493 462 2524 15,
481 2493 506 2519 9.
542 2492 584 2524 38,
603 2491 645 2523 50,
663 2491 688 2517 3.
725 2490 767 2522 28,
788 2489 828 2522 19,
850 2489 891 2515 10.
928 2488 969 2520 30,
991 2488 1030 2519 11,
1051 2488 1065 2515 7
1091 2497 1155 2515 cum
1179 2492 1230 2515 aut
1256 2487 1439 2515 vincentibus
1463 2496 1528 2523 spes
1556 2491 1606 2515 aut
1626 2487 1717 2524 pulsis
1735 2488 1779 2515 ira
1798 2487 1847 2515 ad-

177 2538 283 2572 gregat
304 2545 378 2563 suos.
416 2537 456 2567 11,
471 2536 489 2563 8
507 2536 668 2571 equitatum
687 2533 852 2562 certaminis
874 2532 1001 2559 studium
1021 2531 1151 2559 effundit.
