2090 2958
1049 253 1090 286 14

228 348 327 382 simul
349 348 539 382 ostenderet
561 349 672 382 omina
693 353 903 393 raperetque.
937 348 1068 382 Eodem
1091 348 1191 383 modo
1214 349 1336 382 dicitur
1350 349 1400 391 11,
1410 348 1463 391 23,
1477 349 1520 382 10
1539 350 1715 382 memorari
1741 349 1905 394 exempla,

230 412 317 445 quae
352 401 473 445 priscis
506 401 655 434 moribus
689 400 733 434 ad
766 401 926 434 virtutem
960 406 993 433 et
1019 401 1161 445 gloriam
1183 402 1332 435 Romana
1363 400 1491 434 indoles
1515 400 1708 445 prodiderit.
1756 402 1806 443 14,
1820 402 1871 444 16,
1884 402 1905 435 6

227 452 263 484 1ιὶ
285 477 293 484 .
317 477 325 484 .
346 453 411 496 ipsi
431 453 538 485 verba
560 463 694 496 quoquo
716 451 816 484 modo
837 452 970 495 prolata
999 453 1166 497 supplere.
1198 452 1289 497 quod
1320 453 1448 496 species
1470 453 1543 495 ipsa
1576 453 1759 484 carminum
1798 453 1905 485 docet.

228 503 284 538 De
308 503 502 547 „fortunae“
527 502 768 548 significatione
792 503 833 537 cf.
855 502 937 536 Lex.
961 502 1040 537 Tac.
1073 503 1140 538 Sed
1162 516 1238 538 cum
1260 503 1403 538 editores
1425 502 1517 537 aliud
1537 504 1642 537 secuti
1664 503 1730 537 sint
1745 504 1780 537 in
1795 503 1903 549 dispo-

228 556 339 589 nendo
354 557 419 589 hoc
430 556 595 589 vocabulo
608 562 709 599 atque
722 567 784 599 ego
795 556 860 588 hoc
874 556 950 588 loco
963 567 1095 599 sequor,
1108 557 1262 601 exempla
1274 556 1443 589 afferenda
1457 562 1541 589 sunt.
1564 555 1596 588 A
1606 556 1686 598 16,8
1698 556 1905 590 Britanniam

228 608 328 641 unius
350 608 470 653 proelii
494 607 627 640 fortuna
648 607 754 640 veteri
778 607 960 651 patientiae
982 608 1137 640 restituit.
1181 608 1243 650 ΠΙ,
1266 609 1316 650 17,
1333 609 1353 641 9
1383 608 1516 641 fortuna
1544 632 1550 639 .
1578 632 1586 639 .
1615 612 1729 651 partes
1750 608 1903 640 restituit.

230 660 263 693 G
283 660 396 702 33,10
421 659 502 692 nihil
524 685 531 691 .
556 685 564 691 .
590 665 762 703 praestare
798 659 934 692 fortuna
963 660 1070 692 maius
1099 665 1210 704 potest
1239 672 1339 704 quam
1368 660 1512 693 hostium
1543 658 1749 692 discordiam.
1794 659 1902 701 39,11

231 711 334 744 adicit
357 712 588 744 auctoritatem
610 710 745 743 fortuna
767 710 976 743 Semnonum.
1010 711 1097 753 11,1‚
1115 712 1131 743 1
1155 712 1305 743 struebat
1328 736 1335 742 .
1359 736 1366 743 .
1391 711 1525 744 fortuna
1548 736 1555 742 .
1576 736 1584 742 .
1606 711 1699 743 initia
1721 722 1904 755 causasque

231 764 382 809 imperio.
417 763 467 805 12,
481 763 496 795 1
520 761 756 796 blandiebatur
771 762 906 795 fortuna
922 763 1059 807 coeptis.
1096 762 1126 805 3,
1140 762 1190 805 18,
1203 762 1244 795 19
1260 761 1349 795 fama
1363 773 1422 807 spe
1437 763 1651 795 veneratione
1665 762 1776 807 potius
1792 774 1904 796 omnes

232 817 485 850 destinabantur
505 816 645 859 imperio
671 827 772 859 quam
784 826 884 859 quem
895 814 1047 847 futurum
1069 816 1254 859 principem
1277 815 1411 847 fortuna
1436 816 1470 847 in
1493 815 1625 847 occulto
1649 815 1792 848 tenebat.
1838 816 1868 857 7,
1882 816 1905 848 4

233 868 399 902 Othonem
428 867 563 900 fortuna
585 868 799 912 superstitem
821 866 956 899 faceret.
1000 867 1062 908 111,
1083 867 1132 909 18,
1150 866 1190 899 15
1214 877 1336 910 anceps
1360 866 1480 910 proelii
1499 866 1634 899 fortuna
1655 891 1663 898 .
1685 891 1692 898 .
1715 868 1843 911 equites
1866 892 1873 900 .
1897 892 1904 899 .

233 921 470 955 adflictaverat.
514 920 568 962 46,
591 920 632 952 12
668 920 804 953 fortuna
837 919 955 963 populi
982 913 1122 952 Romani
1144 919 1336 952 Mucianum
1365 919 1521 963 viresque
1552 919 1687 952 orientis
1718 919 1798 953 illuc
1818 920 1903 954 tulit.

234 974 288 1016 59,
303 974 322 1005 9
345 973 378 1005 ni
399 971 574 1005 Vitellium
597 977 688 1005 retro
713 971 848 1004 fortuna
870 972 1032 1004 vertisset.
1076 971 1136 1009 IV,
1156 972 1208 1013 58,
1227 972 1246 1004 8
1277 972 1303 1004 si
1332 971 1466 1004 fortuna
1488 996 1496 1003 .
1519 996 1526 1003 .
1555 971 1728 1015 virtusque
1750 971 1903 1005 deseruit.

232 1027 264 1066 2,
274 1026 326 1067 21,
341 1026 370 1057 9.
402 1025 510 1067 4,1,4
532 1025 670 1058 turbare
692 1024 828 1057 fortuna
854 1024 973 1068 coepit.
1019 1024 1049 1065 6,
1067 1024 1097 1066 6,
1115 1024 1156 1057 10
1169 1023 1343 1057 Tiberium
1363 1035 1430 1057 non
1453 1023 1597 1066 fortuna,
1619 1035 1686 1057 non
1710 1024 1904 1059 solitudines

231 1077 462 1121 protegebant.
509 1076 559 1118 13,
583 1077 634 1117 13,
656 1076 694 1109 11
724 1087 810 1120 quae
839 1076 947 1119 prima
981 1081 1073 1108 aetas
1106 1081 1139 1108 et
1174 1087 1301 1108 summa
1334 1075 1468 1108 fortuna
1501 1080 1682 1119 expeteret.
1734 1076 1784 1114 12,
1806 1077 1859 1119 26,
1882 1077 1904 1110 5

232 1140 327 1162 nemo
350 1153 357 1160 .
381 1153 405 1170 .,
428 1139 528 1171 quem
551 1139 618 1161 non
640 1127 824 1160 Britannici
848 1126 983 1160 fortuna
1005 1138 1156 1160 maerore
1179 1126 1347 1160 adficeret.
1379 1127 1474 1169 I,65,
1491 1127 1540 1160 15.
1565 1127 1615 1168 15,
1632 1127 1682 1169 13,
1696 1128 1736 1161 10
1751 1129 1904 1172 quotiens

232 1181 366 1214 fortuna
401 1185 517 1212 contra
554 1179 657 1212 daret.
705 1180 755 1221 16,
778 1180 807 1220 1,
835 1180 851 1211 1
890 1179 1003 1211 inlusit
1026 1204 1033 1211 .
1059 1204 1066 1211 .
1092 1179 1217 1212 Neroni
1239 1179 1382 1212 fortuna.
1433 1180 1483 1219 11,
1497 1179 1538 1211 14
1571 1180 1717 1212 servavit
1755 1179 1904 1213 ordinem

232 1232 375 1266 fortuna.
432 1231 538 1264 Simili
575 1230 674 1264 modo
713 1242 793 1264 usus
832 1236 881 1263 est
914 1230 999 1273 fato,
1024 1236 1123 1273 sorte,
1144 1231 1241 1274 forte,
1263 1243 1352 1275 casu,
1376 1232 1580 1264 necessitate.
1625 1230 1657 1264 G
1681 1231 1733 1274 33,
1755 1231 1775 1264 9
1805 1243 1902 1276 urgu-

233 1285 364 1317 entibus
373 1285 396 1325 ¹)
430 1285 561 1328 imperii
599 1284 686 1317 fatis.
730 1283 764 1315 D
789 1284 840 1325 17,
860 1284 903 1316 20
937 1284 964 1315 si
997 1294 1072 1316 eum
1093 1308 1100 1315 .
1124 1308 1131 1315 .
1155 1284 1262 1316 fatum
1297 1283 1434 1327 aliquod
1467 1285 1501 1317 in
1535 1284 1654 1316 urbem
1675 1285 1901 1328 pertraxisset.

230 1336 276 1380 Π,
288 1337 340 1379 69,
354 1336 375 1370 6
397 1337 599 1381 principium
621 1362 628 1369 .
652 1361 660 1369 .
682 1335 773 1369 bello
795 1335 993 1381 parantibus
1017 1335 1103 1368 fatis.
1126 1354 1169 1358 —
1191 1335 1223 1368 A
1246 1336 1277 1378 6,
1300 1336 1320 1368 6
1358 1347 1430 1369 sors
1466 1341 1664 1380 quaesturae
1696 1337 1904 1381 provinciam

231 1389 348 1423 Asiam
370 1415 377 1421 .
401 1415 408 1421 .
432 1388 524 1421 dedit
558 1389 615 1429 (sc.
644 1390 697 1430 ei).
744 1388 794 1430 13,
815 1388 868 1430 29,
885 1388 908 1420 4
945 1399 1016 1420 sors
1048 1387 1226 1421 deerrabat
1254 1388 1297 1421 ad
1330 1400 1449 1433 parum
1480 1388 1624 1422 idoneos.
1646 1408 1690 1412 —
1713 1388 1746 1422 Gr
1771 1390 1853 1431 10,8
1876 1390 1903 1423 si

230 1441 476 1485 prohibuerunt
499 1440 556 1481 (sc.
579 1440 856 1482 surculi).—HI,
866 1440 919 1478 21,
937 1440 976 1472 13
997 1445 1035 1472 ut
1057 1439 1127 1472 fors
1148 1440 1278 1472 tulerat.
1311 1440 1371 1482 IV,
1384 1441 1445 1477 1,4
1462 1446 1500 1473 ut
1523 1451 1688 1484 quemque
1716 1441 1785 1473 fors
1808 1442 1902 1473 obtu-

231 1494 327 1526 lerat.
364 1492 457 1534 14,5,
473 1493 522 1524 17.
557 1492 602 1534 ΙΙ,
619 1492 649 1533 8,
663 1492 702 1524 17
728 1492 923 1535 gliscentem
947 1517 953 1523 .
976 1517 983 1523 .
1003 1491 1127 1524 famam
1149 1491 1218 1524 fors
1241 1491 1403 1524 discussit.
1437 1491 1496 1534 IV,
1511 1492 1564 1534 29,
1581 1492 1622 1525 10
1643 1492 1724 1525 nihil
1746 1491 1904 1536 prodesse

230 1546 348 1587 virtus,
367 1544 436 1577 fors
459 1549 579 1577 cuncta
600 1544 748 1577 turbare.
795 1543 923 1585 1,28,1
948 1548 1080 1576 noctem
1103 1544 1265 1576 minacem
1288 1569 1295 1575 .
1319 1569 1326 1576 .
1349 1543 1418 1576 fors
1440 1543 1564 1577 lenivit.
1601 1544 1687 1586 49,5
1701 1550 1811 1577 cetera
1834 1544 1903 1577 fors

230 1598 326 1641 regit.
371 1596 402 1639 3,
416 1596 447 1639 5,
464 1596 502 1629 11
523 1601 617 1629 tanto
639 1595 738 1640 plura
759 1594 881 1628 decora
903 1606 982 1628 mox
996 1595 1099 1628 tribui
1114 1606 1177 1639 par
1199 1595 1311 1638 fuisse,
1335 1601 1459 1640 quanto
1483 1596 1592 1641 prima
1615 1596 1684 1629 fors
1706 1597 1902 1640 negavisset.

230 1650 263 1693 4,
274 1649 359 1691 27,2
382 1649 512 1682 servilis
541 1648 623 1682 belli
653 1649 777 1681 semina
800 1647 869 1680 fors
893 1648 1067 1692 oppressit.
1089 1666 1134 1670 —
1155 1647 1188 1680 A
1210 1648 1239 1690 7,
1254 1649 1274 1681 9
1297 1659 1364 1681 non
1383 1660 1478 1681 casus
1501 1674 1509 1681 .
1534 1674 1541 1681 .
1563 1654 1707 1681 turmam
1731 1648 1821 1689 facit,
1844 1649 1903 1682 sed

232 1702 388 1735 familiae.
435 1702 464 1743 1,
482 1701 535 1743 28,
556 1701 595 1733 11
620 1711 705 1744 quae
734 1712 830 1733 casus
860 1700 1037 1733 obtulerat.
1059 1718 1103 1723 —-—
1124 1700 1187 1743 ΠΙ,
1207 1701 1257 1743 17,
1276 1700 1296 1733 9
1321 1701 1501 1733 necessitas
1531 1726 1538 1733 .
1568 1726 1575 1733 .
1602 1706 1715 1745 partes
1748 1702 1901 1734 restituit.

230 1753 281 1787 IV
284 1779 292 1796 ,
311 1754 364 1796 60,
383 1753 405 1785 4
435 1763 520 1796 quae
553 1752 611 1793 (sc.
641 1752 810 1793 animalia)
844 1752 986 1796 profana
1016 1752 1181 1796 foedaque
1208 1753 1242 1785 in
1265 1764 1362 1785 usum
1384 1754 1564 1786 necessitas
1585 1753 1695 1785 vertit.
1739 1753 1770 1796 3,
1789 1753 1841 1796 54,
1860 1753 1903 1787 25

229 1816 397 1851 pauperes
419 1805 599 1837 necessitas
621 1829 628 1837 .
653 1830 660 1836 .
681 1805 715 1837 in
733 1804 852 1837 melius
874 1809 988 1837 mutet.
1033 1804 1097 1837 His
1113 1805 1299 1849 comparari
1324 1810 1465 1849 possunt
1486 1804 1578 1847 1‚32,
1592 1805 1632 1838 13
1655 1805 1720 1838 alia
1745 1817 1902 1850 praesens

230 1870 311 1892 usus
334 1857 501 1890 indixerat
527 1862 559 1889 et
583 1856 755 1899 14,55,10
776 1856 867 1901 quod
890 1867 1048 1901 praesens
1073 1856 1223 1890 condicio
1246 1858 1417 1902 poscebat.

389 1910 497 1943 Venio
529 1909 573 1943 ad
597 1921 694 1943 usum
720 1910 895 1954 temporis,
925 1910 1011 1952 anni,
1034 1908 1099 1942 diei
1123 1915 1156 1942 et
1176 1921 1261 1954 quae
1283 1915 1359 1943 sunt
1384 1909 1512 1943 similia.
1544 1909 1741 1954 Saepissime
1765 1910 1902 1944 Tacitus

233 1973 319 2007 quae
342 1962 527 2007 tempore2)
550 1961 662 2006 aliquo
685 1961 740 1993 vel
763 1962 797 1993 vi
821 1966 854 1993 et
877 1966 997 1993 natura
1018 1963 1178 2005 temporis
1199 1961 1293 2004 fiunt,
1317 1973 1356 1994 ea
1379 1967 1511 2005 tempus
1532 1963 1640 2006 ipsum
1669 1962 1780 1994 facere
1813 1962 1902 1995 dicit.

232 2015 284 2049 Ac
307 2014 349 2048 de
372 2014 436 2048 hoc
459 2015 536 2047 anni
559 2019 591 2048 et
613 2013 677 2047 diei
700 2025 763 2046 usu
784 2013 864 2047 satis
886 2013 1094 2047 memorabili
1116 2025 1283 2059 exponere
1306 2014 1412 2056 mitto,
1434 2014 1589 2058 quoniam
1612 2015 1721 2048 omnia
1737 2026 1823 2060 quae
1837 2015 1902 2049 huc

231 2068 400 2112 pertinent
422 2066 564 2099 collecta
584 2072 660 2099 sunt
682 2066 764 2099 Lex.
785 2066 864 2099 Tac.
887 2077 943 2109 pg.
963 2066 1006 2098 82
1028 2071 1061 2098 et
1082 2066 1155 2099 291.
1171 2085 1215 2089 —
1235 2066 1313 2099 Non
1343 2066 1458 2099 eadem
1488 2067 1627 2100 audacia
1653 2079 1733 2100 usus
1755 2073 1805 2100 est
1826 2068 1900 2100 sub-

232 2120 376 2152 stantivo
406 2118 497 2163 quod
525 2124 575 2151 est
608 2124 753 2163 tempus:
783 2118 885 2162 paulo
913 2117 1106 2150 insolentius
1130 2118 1192 2161 ΠΙ,
1215 2118 1267 2160 32,
1288 2118 1329 2151 13
1361 2123 1510 2163 „tempus
1540 2124 1706 2152 mercatus
1735 2118 1838 2151 ditem
1862 2144 1868 2151 .
1894 2144 1901 2151 .

234 2171 397 2204 coloniam
421 2172 547 2203 maiore
572 2182 673 2214 opum
697 2171 808 2214 specie
832 2169 1040 2214 complebat“
1066 2182 1166 2214 quam
1189 2170 1327 2214 reliquis
1349 2170 1430 2204 locis
1452 2170 1585 2204 videtur
1607 2170 1738 2204 dixisse.
1771 2170 1902 2211 A41‚5

234 2234 274 2255 ea
294 2224 443 2256 insecuta
466 2228 543 2255 sunt
565 2223 614 2255 rei
637 2222 794 2266 publicae
816 2227 977 2265 tempora,
1000 2233 1085 2266 quae
1108 2222 1198 2255 sileri
1220 2221 1417 2265 Agricolam
1445 2235 1511 2256 non
1540 2224 1694 2256 sinerent.
1739 2223 1769 2261 3,
1791 2223 1843 2265 34,
1861 2224 1901 2256 16

393 2318 412 2353 “)
432 2317 469 2344 cf.
488 2317 553 2344 Liv.
572 2317 596 2350 5,
608 2316 650 2349 36,
664 2316 681 2343 6
703 2316 760 2343 iam
777 2315 949 2352 urgentibus
967 2316 1126 2344 Romanam
1144 2316 1244 2344 urbem
1262 2316 1347 2350 fatis3
1366 2316 1443 2344 idem
1461 2316 1568 2353 legitur
1586 2317 1628 2350 22,
1641 2316 1666 2344 8.
1692 2317 1733 2350 22,
1744 2317 1787 2351 43,
1800 2317 1825 2344 9.

391 2361 415 2397 ¹)
434 2355 522 2396 Apud
541 2360 694 2388 Caesarem
712 2368 781 2388 usus
801 2360 971 2395 „temporis“
991 2360 1039 2388 hic
1058 2363 1118 2388 est:
1137 2363 1188 2387 aut
1206 2360 1334 2396 postulat
1353 2360 1464 2396 aliquid
1488 2363 1600 2396 tempus
1631 2363 1682 2388 aut
1709 2361 1821 2396 patitur
1851 2364 1901 2388 aut

233 2403 321 2431 affert
338 2407 389 2431 aut
404 2408 546 2437 moratum
566 2413 638 2439 „nox
656 2403 741 2432 finem
766 2403 955 2440 oppugnandi
974 2404 1062 2432 facit“
1082 2403 1110 2431 b.
1133 2403 1168 2432 G.
1188 2404 1211 2437 2,
1225 2404 1249 2437 6,
1267 2404 1293 2432 4.
1329 2404 1451 2433 Praeter
1463 2408 1574 2433 ceteros
1593 2404 1732 2433 afferendi
1751 2408 1818 2433 sunt
1843 2404 1901 2432 duo

231 2447 291 2475 loci
311 2448 337 2481 4,
350 2448 391 2481 29,
403 2449 417 2475 1
437 2449 485 2484 qui
504 2449 566 2476 dies
583 2449 743 2476 maritimos
767 2451 865 2476 aestus
891 2449 1029 2476 maximos
1056 2469 1062 2475 .
1089 2469 1095 2475 .
1121 2447 1233 2476 efficere
1259 2449 1425 2483 consuevitg
1445 2449 1469 2482 5,
1482 2449 1527 2482 44,
1541 2449 1560 2477 4
1578 2449 1626 2477 hic
1644 2449 1706 2477 dies
1724 2449 1761 2477 de
1791 2449 1900 2477 nostris

232 2492 438 2519 controversiis
456 2492 604 2519 iudicabit.
620 2492 818 2519 —Livianum
829 2501 912 2519 usum
935 2494 1035 2527 „anni“
1056 2492 1112 2520 hoc
1130 2492 1161 2519 in
1169 2501 1274 2528 genere
1293 2493 1424 2520 aTacito
1441 2502 1500 2520 non
1518 2493 1652 2521 recedere
1670 2493 1801 2521 homines
1820 2492 1900 2520 docti

232 2535 292 2563 iam
309 2534 536 2563 observaverunt
556 2536 593 2563 cf.
612 2536 654 2570 27,
667 2536 691 2570 6,
706 2537 747 2563 17.
775 2535 818 2569 40,
832 2536 857 2564 7.
