2090 2958
1038 230 1081 264 23

229 331 372 369 caperet.
411 326 462 368 16,
473 326 503 358 2.
539 325 679 370 Saepius
702 325 887 370 praedicati
909 326 1020 359 locum
1043 327 1193 359 obtinent
1215 327 1320 359 verba
1340 325 1547 371 impellendi,
1566 326 1675 358 rarius
1697 325 1897 369 prohibendi

228 386 380 420 quaeque
416 378 515 410 animi
550 378 706 410 affectum
740 376 935 420 significant.
979 378 1013 410 D
1033 378 1086 420 39,
1104 378 1148 419 23
1174 383 1212 410 ut
1240 377 1471 421 frigidissimos
1493 388 1628 420 quoque
1652 383 1800 411 oratores
1822 380 1897 423 ipsa

228 429 384 461 certantis
415 429 532 474 populi
569 428 679 462 studia
713 429 859 462 excitare
893 434 926 462 et
959 429 1136 463 incendere
1162 430 1340 474 potuerint.
1383 428 1427 471 V,
1447 430 1476 471 1,
1493 429 1524 461 4.
1554 429 1589 470 4,
1607 429 1660 471 66,
1682 429 1699 461 1
1729 429 1770 463 cf.
1797 430 1895 464 infra.

227 479 259 512 A
284 480 333 521 16,
351 481 371 513 9
392 492 476 524 quos
497 482 698 513 conscientia
728 480 923 514 defectionis
953 487 986 514 et
1015 482 1153 525 propius
1185 493 1227 514 ex
1261 481 1372 525 legato
1405 482 1505 514 timor
1534 481 1692 524 agitabat.
1736 481 1763 524 Ι,
1781 482 1832 521 83.
1852 483 1895 516 13

228 532 405 577 (cupiditas
438 533 493 566 vel
526 532 651 575 odium)
682 532 805 566 multos
827 533 993 566 exercitus
1022 534 1057 566 in
1086 532 1286 567 discordiam
1317 544 1424 577 egere.
1467 532 1512 576 II,
1530 532 1583 576 38,
1604 532 1646 565 14
1675 532 1790 567 eadem
1818 534 1894 568 illos

227 584 326 617 deum
359 586 426 626 ira,
460 584 576 618 eadem
609 585 778 618 hominum
810 586 922 618 rabies
951 611 958 618 .
985 611 992 619 .
1025 586 1060 618 in
1093 585 1293 619 discordiam
1326 596 1434 629 egere.
1477 585 1510 618 A
1535 586 1588 628 36,
1603 585 1648 618 20
1670 591 1708 618 ut
1729 597 1893 631 quemque

228 636 370 669 formido
391 636 523 670 tulerat.
566 637 629 680 ΙΠ,
640 637 694 680 27,
707 637 727 670 8
749 636 1051 671 tertiadecumanos
1074 637 1117 670 ad
1139 664 1146 671 .
1167 663 1174 670 .
1193 643 1325 682 portam
1346 638 1490 682 impetus
1511 637 1597 670 tulit.
1640 636 1686 679 II,
1701 637 1753 680 26,
1769 638 1792 670 4
1817 650 1893 672 cum

227 688 393 733 dispersos
416 714 423 721 .
446 714 453 721 .
476 700 583 733 pavor
604 689 803 733 fugientium
823 690 1001 734 abriperet.
1044 688 1086 732 V,
1097 690 1128 732 2,
1141 690 1182 723 10
1203 701 1288 734 quos
1310 715 1318 722 .
1341 715 1349 722 .
1369 695 1476 722 metus
1506 695 1607 734 atque
1630 688 1743 722 odium
1764 696 1893 724 mutare

227 740 322 774 sedes
355 741 548 785 perpulerit.
603 741 630 783 I,
654 742 705 784 15,
726 742 765 775 17
788 753 841 774 me
870 742 1046 787 praeclara
1073 741 1200 775 indoles
1222 748 1281 775 tua
1305 747 1338 775 et
1357 753 1450 775 amor
1471 742 1601 786 patriae
1621 741 1764 786 impulit,
1787 748 1824 776 ut
1838 768 1846 775 .
1862 769 1870 776 .
1883 768 1891 776 .

228 793 331 837 19,16
353 799 391 827 ut
413 805 578 839 quemque
600 799 708 827 metus
729 794 785 827 vel
813 805 889 839 spes
919 794 1105 839 impulerat.
1148 794 1211 838 111,
1221 794 1253 837 4,
1266 795 1286 828 9
1309 794 1508 827 Flavianum
1531 819 1539 827 .
1561 819 1568 826 .
1591 806 1704 827 rerum
1731 806 1891 829 novarum

227 846 348 890 cupido
371 871 378 878 .
403 872 410 879 .
431 846 617 890 impulerat.
664 847 713 889 14,
735 848 751 879 1
773 852 811 880 ut
834 858 999 891 quemque
1022 847 1118 880 dolor
1139 847 1326 892 impulerat.
1373 847 1423 889 12,
1442 847 1495 889 20,
1513 847 1534 879 3
1557 845 1717 879 Claudius
1739 872 1747 879 .
1768 873 1775 879 .
1797 848 1890 881 dubi-

225 899 310 931 tavit
325 924 332 931 .
351 925 358 933 .
373 924 380 931 .
395 899 472 931 hine
495 898 590 932 dolor
611 899 807 932 iniuriarum
837 904 870 932 et
899 898 1003 933 libido
1032 899 1199 933 vindictae
1223 899 1390 943 adigebat.
1433 899 1461 942 Ι,
1478 898 1531 941 25,
1553 899 1591 932 11
1629 904 1724 932 erant
1748 911 1830 944 quos
1851 926 1859 933 .
1882 926 1890 933 .

226 949 425 983 desiderium
446 951 567 994 prioris
589 950 742 983 licentiae
766 950 971 984 accenderet.
1014 951 1059 993 ΙΙ,
1072 952 1124 991 77,
1137 952 1177 984 13
1197 952 1258 984 hos
1279 952 1339 993 ira,
1362 950 1485 993 odium,
1505 951 1640 983 ultionis
1663 951 1826 995 cupiditas
1848 952 1892 985 ad

225 1002 383 1035 virtutem
406 1001 565 1036 accendit.
608 1001 668 1045 IV,
682 1003 711 1046 7,
725 1003 742 1035 1
765 1002 917 1036 Marcelli
939 1002 1085 1036 studium
1106 1004 1261 1049 proprius
1282 1003 1387 1036 rubor
1400 1002 1579 1045 excitabat,
1599 1013 1641 1035 ne
1657 1027 1664 1034 .
1681 1028 1688 1034 .
1705 1027 1712 1034 .
1733 1002 1775 1046 V,
1789 1003 1838 1046 15,
1851 1004 1892 1036 14

225 1054 392 1088 Romanos
416 1054 526 1099 pudor
552 1056 765 1088 excitaverat.
811 1055 896 1098 1,15
923 1067 1007 1099 quos
1030 1081 1037 1088 .
1060 1080 1067 1087 .
1091 1067 1151 1088 sua
1173 1067 1338 1100 quemque
1361 1066 1438 1100 spes
1468 1056 1645 1088 acciverat.
1666 1073 1711 1078 ——
1732 1055 1765 1088 D
1786 1056 1839 1098 23,
1849 1056 1890 1089 27

226 1106 253 1137 si
273 1111 386 1139 nostra
407 1106 530 1139 iudicia
552 1107 740 1150 malignitas
763 1112 796 1139 et
817 1107 943 1140 invidia
963 1107 1156 1140 tardaverit.
1199 1107 1262 1149 ΠΙ,
1281 1107 1334 1148 50,
1357 1108 1400 1140 20
1430 1107 1599 1139 festinatio
1628 1112 1729 1150 atque
1752 1108 1892 1141 aviditas

225 1157 472 1202 praepediebat.
523 1158 576 1200 41,
594 1160 634 1192 10
666 1158 775 1204 pudor
807 1164 840 1192 et
872 1160 1055 1204 praesentis
1088 1158 1183 1192 ducis
1215 1160 1403 1192 reverentia
1436 1159 1632 1192 morabatur
1665 1159 1724 1200 (sc.
1749 1159 1891 1202 milites).

228 1210 277 1251 14,
290 1210 340 1252 13,
353 1211 393 1243 13
416 1221 451 1243 se
472 1212 506 1243 in
528 1222 641 1243 omnes
668 1211 822 1244 libidines
845 1211 974 1253 effudit,
1003 1223 1086 1255 quas
1101 1236 1108 1243 .
1124 1236 1131 1243 .
1147 1212 1262 1244 matris
1282 1212 1470 1243 reverentia
1493 1210 1696 1244 tardaverat.
1743 1212 1791 1253 11,
1807 1212 1891 1254 35,8

226 1260 375 1294 dolorem
405 1261 515 1307 pudor
548 1262 760 1307 impediebat.
817 1262 868 1306 15,
892 1263 945 1306 50,
967 1263 1010 1295 23
1039 1288 1046 1295 .
1070 1287 1077 1295 .
1110 1263 1255 1295 animum
1277 1262 1583 1305 exstimulaverant,
1603 1263 1665 1295 nisi
1688 1263 1891 1307 impunitatis

226 1313 348 1359 cupido
381 1315 579 1348 retinuisset.
633 1315 694 1358 IV,
717 1315 769 1358 65,
792 1316 814 1348 2
847 1326 955 1360 neque
994 1315 1106 1348 subire
1138 1315 1343 1348 conditiones
1376 1321 1486 1348 metus
1517 1315 1622 1348 futuri
1651 1326 1759 1359 neque
1781 1315 1891 1360 palam

225 1367 395 1412 aspernari
419 1367 569 1401 condicio
591 1379 749 1413 praesens
771 1368 909 1401 sinebat.
930 1386 975 1391 —-
995 1367 1119 1411 1‚63‚3
1150 1369 1239 1401 omni
1270 1369 1426 1402 comitate
1448 1373 1607 1413 exceptos
1629 1368 1759 1401 subitus
1786 1380 1891 1413 pavor

224 1420 352 1452 terruit.
385 1419 445 1462 IV,
457 1420 508 1462 72,
522 1420 562 1453 16
583 1432 644 1453 nec
664 1420 802 1465 perinde
824 1420 1010 1465 periculum
1032 1426 1096 1464 aut,
1111 1426 1219 1453 metus
1241 1432 1340 1464 quam
1363 1420 1473 1465 pudor
1493 1426 1551 1453 aut
1570 1420 1715 1453 dedecus
1737 1421 1890 1465 obstupe-

225 1471 358 1505 fec'erat.
405 1472 455 1514 12,
467 1472 519 1514 35,
533 1473 549 1505 1
574 1473 796 1517 obstupefecit
820 1484 859 1505 ea
881 1472 1035 1505 alacritas
1057 1471 1176 1506 ducem
1190 1472 1385 1506 Romanum.
1431 1473 1577 1515 11,19,1
1600 1473 1628 1505 is
1650 1478 1759 1505 terror
1773 1473 1891 1506 milites

224 1523 402 1568 hostesque
425 1525 460 1557 in
483 1524 651 1558 diversum
671 1524 931 1558 adfecit—His
952 1524 1174 1568 adiungamA
1186 1525 1293 1567 38,15
1314 1531 1543 1569 praecesserat
1564 1531 1682 1558 terror.
1715 1524 1774 1568 IV,
1786 1526 1836 1567 79,
1850 1525 1890 1558 13

225 1576 488 1610 circumsteterat
508 1576 648 1610 Civilem
683 1577 767 1610 alius
788 1582 903 1610 metus.
926 1595 970 1599 —
992 1576 1181 1621 Sequantur
1209 1577 1339 1621 reliqua
1366 1577 1520 1622 exempla
1548 1588 1784 1621 nonnunquam
1811 1578 1890 1610 satis

226 1628 379 1672 audacia,
409 1641 475 1674 quo
497 1630 532 1662 in
553 1641 691 1662 numero
714 1635 848 1674 praeter
872 1634 984 1662 cetera
1005 1629 1161 1662 videntur
1183 1629 1472 1662 commemoranda
1506 1641 1577 1662 esse
1599 1630 1704 1662 verba
1729 1640 1889 1662 commen-

225 1680 339 1723 dandi,
366 1682 585 1725 monstrandi,
613 1681 782 1726 arguendi.
816 1681 848 1713 A
862 1682 944 1723 16‚6
966 1692 1027 1714 nec
1048 1681 1153 1714 ullum
1176 1683 1209 1714 in
1231 1682 1385 1715 barbaris
1407 1682 1564 1715 saevitiae
1585 1693 1690 1725 genus
1710 1682 1817 1714 omisit
1839 1682 1890 1714 ira

226 1738 259 1764 et
280 1733 417 1766 victoria
444 1735 464 1766 i.
489 1745 515 1766 e.
537 1734 688 1766 Britanni
710 1734 786 1765 irati
809 1739 842 1766 et
864 1733 991 1765 laetitia
1012 1734 1172 1766 victoriae
1193 1734 1279 1766 elati.
1314 1734 1344 1775 2,
1359 1735 1412 1775 57,
1425 1735 1467 1767 10
1479 1734 1612 1777 qualem
1624 1734 1682 1774 (se.
1695 1734 1889 1774 sermonem)

225 1784 275 1816 ira
297 1809 305 1816 .
329 1809 336 1816 .
358 1785 474 1829 gignit.
519 1784 578 1828 IV,
590 1785 641 1828 84,
655 1786 675 1818 8
698 1790 908 1818 cunctantem
931 1810 938 1817 .
962 1810 969 1817 .
993 1785 1185 1817 caelestium
1207 1786 1258 1817 ira
1277 1810 1284 1817 .
1305 1810 1313 1817 .
1336 1785 1509 1829 fatigabat.
1554 1784 1616 1827 ΠΙ,
1636 1785 1689 1825 80,
1702 1785 1741 1817 13
1760 1796 1891 1817 sacrum

224 1836 411 1880 legatorum
433 1839 484 1871 ius
506 1864 513 1870 .
537 1864 544 1871 .
568 1838 674 1871 civilis
694 1838 805 1871 rabies
822 1849 928 1882 usque
950 1838 984 1870 in
1008 1838 1146 1870 exitium
1170 1843 1372 1871 temerasset.
1409 1838 1501 1880 1,41,
1514 1837 1555 1870 12
1576 1837 1669 1870 flexit
1691 1838 1748 1878 (sc.
1770 1837 1890 1870 milites

226 1888 412 1931 seditiosos)
441 1915 448 1922 .
477 1915 485 1923 .
515 1890 640 1923 invidia
674 1891 708 1922 in
730 1889 905 1922 Treveros.
950 1890 980 1932 6,
993 1890 1046 1932 29,
1071 1889 1112 1922 15
1140 1889 1227 1922 hune
1256 1915 1263 1922 .
1292 1915 1300 1923 .
1334 1890 1492 1922 labefecit
1518 1915 1525 1922 .
1551 1915 1558 1922 .
1577 1890 1744 1922 Macronis
1769 1889 1890 1922 odium.

225 1942 256 1984 4,
278 1941 330 1982 36,
356 1942 396 1974 12
430 1954 528 1986 quem
562 1942 675 1975 odium
708 1942 881 1987 publicum
915 1943 1071 1975 tutiorem
1106 1941 1261 1975 faciebat.
1305 1942 1338 1975 D
1361 1942 1392 1984 6,
1403 1942 1447 1975 24
1469 1943 1539 1975 sive
1562 1968 1569 1974 .
1591 1967 1598 1975 .
1620 1942 1690 1975 sive
1712 1954 1832 1975 novam
1851 1968 1858 1974 .
1882 1968 1889 1974 .

226 2004 339 2025 curam
361 2005 428 2026 non
451 1995 520 2027 sine
542 1995 653 2038 aliqua
674 1994 897 2038 trepidatione
919 1995 1017 2027 animi
1039 1994 1197 2033 attulerit,
1218 1995 1291 2038 ipsa
1302 1994 1490 2026 sollicitudo
1504 1993 1714 2027 commendat
1727 2000 1890 2026 eventum.

225 2045 252 2087 Ι,
262 2045 315 2087 42,
328 2046 349 2078 2
382 2046 576 2090 ambigitur,
606 2047 888 2091 consumpseritne
910 2057 1028 2079 vocem
1051 2047 1120 2078 eius
1145 2047 1270 2078 instans
1293 2051 1408 2078 metus.
1464 2046 1494 2089 3,
1508 2046 1591 2088 67,7
1616 2047 1673 2090 qui
1696 2046 1752 2087 (sc.
1768 2047 1889 2087 metus)

226 2099 405 2131 exercitam
439 2110 572 2143 quoque
607 2100 830 2143 eloquentiam
862 2098 1023 2131 debilitat.
1067 2099 1098 2140 6,
1114 2099 1167 2140 29,
1185 2099 1208 2130 4
1229 2104 1401 2142 promptas
1425 2100 1495 2131 eius
1519 2098 1609 2131 modi
1638 2104 1760 2131 mortes
1782 2104 1891 2131 metus

226 2149 389 2183 carnificis
411 2150 565 2185 faciebat.
609 2151 651 2194 V,
665 2152 734 2195 l2,7
758 2157 866 2184 metus
888 2157 989 2196 atque
1021 2162 1100 2183 usus
1120 2151 1225 2184 multa
1247 2156 1485 2184 monstravere.
1528 2150 1556 2193 Ι,
1574 2151 1626 2193 76,
1646 2151 1664 2184 7
1689 2150 1804 2183 eadem
1824 2150 1890 2183 for-

225 2203 314 2236 mido
351 2205 558 2247 provinciam
590 2204 842 2238 Narbonensem
877 2203 921 2237 ad
953 2203 1127 2236 Vitellium
1149 2204 1258 2237 vertit.
1302 2204 1348 2247 H,
1362 2204 1415 2245 22,
1426 2204 1466 2237 12
1489 2215 1565 2237 cum
1587 2209 1725 2247 augeret
1746 2208 1893 2247 stragem

225 2255 412 2300 trepidatio.
456 2255 539 2296 44st
561 2256 710 2299 legatum
728 2257 797 2288 irae
819 2256 962 2288 militum
983 2255 1189 2288 inconsultus
1210 2267 1317 2299 pavor
1339 2256 1468 2289 obtulit.
1513 2256 1575 2298 ΙΠ,
1599 2257 1650 2298 10,
1670 2256 1710 2288 13
1732 2260 1893 2298 tanquam

224 2308 344 2341 nimius
353 2319 459 2353 pavor
471 2309 706 2341 conscientiam
719 2313 883 2352 argueret.
895 2308 1068 2353 25,4qu0s
1079 2319 1158 2340 suus
1171 2319 1336 2352 quemque
1347 2309 1490 2352 impetus
1498 2307 1553 2340 vel
1564 2319 1671 2352 pavor
1683 2306 1894 2341 contraheret

225 2360 448 2395 diduceretve.
474 2361 552 2403 21,6
568 2362 596 2394 is
608 2366 717 2394 terror
725 2361 914 2394 obstructas
926 2366 1052 2394 mentes
1061 2360 1206 2393 consiliis
1214 2360 1308 2394 ducis
1319 2362 1459 2405 aperuit.
1482 2359 1541 2403 IV,
1549 2360 1610 2402 6‚4
1621 2359 1750 2393 eaultio
1760 2385 1767 2391 .
1778 2384 1785 2391 .
1799 2370 1891 2392 sena·

198 2449 200 2451 ,
224 2420 295 2447 tum
303 2414 337 2446 in
344 2412 453 2447 studia
461 2412 646 2447 diduxerat.
668 2412 713 2457 11,
718 2412 770 2456 93,
778 2413 799 2446 8
806 2412 982 2446 Gallorum
990 2413 1135 2446 obnoxia
1142 2413 1268 2446 morbis
1276 2424 1418 2458 corpora
1426 2412 1569 2445 fluminis
1577 2412 1719 2445 aviditas
1725 2411 1892 2445 labefecit.

226 2467 255 2509 1,
270 2460 322 2508 65,
336 2467 379 2500 23
411 2467 496 2499 iuvit
528 2466 672 2500 hostium
708 2465 859 2499 aviditas.
913 2466 944 2509 2,
959 2466 1011 2508 62,
1028 2466 1070 2499 10
1099 2477 1183 2510 quos
1212 2465 1269 2506 (sc.
1292 2466 1553 2510 negotiatores).
1569 2491 1576 2498 .
1593 2464 1715 2510 cupido
1748 2463 1890 2509 augendi

224 2520 398 2562 pecuniam
413 2544 420 2551 .
436 2544 443 2551 .
457 2518 610 2552 hostilem
633 2520 667 2551 in
681 2530 799 2562 agrum
820 2519 1043 2551 transtulerat.
1087 2518 1198 2551 Minus
1213 2517 1372 2551 audacter
1386 2518 1512 2551 dictum
1527 2524 1577 2551 est
1590 2518 1640 2560 id,
1662 2517 1753 2562 quod
1767 2517 1889 2550 inveni-
