2090 2958
998 252 1039 286 12

182 349 356 382 materiem
377 348 549 394 apiscendi
572 348 706 381 favoris.
751 348 784 382 A
808 353 928 393 quarto
953 348 1121 381 annalium
1141 348 1229 381 libro
1250 348 1339 382 hunc
1362 360 1459 382 usum
1480 348 1618 381 Tacitus
1639 350 1759 383 vitavit
1780 362 1856 395 sup-

181 402 362 446 posuitque
383 402 419 435 in
440 402 552 434 locum
576 400 662 444 „rei“
687 401 885 445 pronomina
903 399 944 433 cf.
968 399 1069 444 paulo
1092 399 1187 433 infra.

339 453 495 487 Adnecto
529 464 625 486 usum
647 453 696 485 rei
727 452 900 485 familiaris
930 451 1083 496 fiscique,
1110 451 1230 485 deinde
1258 453 1307 485 rei
1337 453 1509 497 publicae,
1531 453 1733 496 contionum,
1753 455 1856 497 magi—

186 510 362 548 stratuum,
384 505 477 549 legis.
518 504 630 548 Atque
651 514 706 536 res
727 503 900 536 familiaris
928 504 1031 537 semel
1052 504 1099 536 ita
1119 503 1243 547 legitur
1263 503 1297 536 D
1319 504 1350 547 9,
1368 505 1411 538 28
1432 505 1459 537 si
1480 516 1533 538 res
1555 505 1577 537 f.
1600 506 1647 537 ita
1670 505 1791 548 exigat.
1812 523 1858 528 —

185 556 276 590 Satis
310 557 472 590 audacter
504 556 588 589 dixit
608 555 636 598 Ι,
649 555 703 598 46,
717 555 759 587 21
784 553 873 588 Otho
895 554 1013 588 fiscum
1032 567 1128 588 suum
1149 556 1342 589 vacationes
1377 568 1503 589 annuas
1531 556 1760 589 exsoluturum
1781 568 1856 600 pro-

180 608 286 642 misit:
321 608 365 642 ad
388 609 579 642 sollemnem
613 618 711 640 usum
733 606 833 640 rediit
854 607 907 650 58,
923 606 944 640 3
963 608 1155 640 vacationes
1178 608 1427 642 centurionibus
1451 619 1493 641 ex
1520 607 1601 641 fisco
1622 613 1775 640 numerat
1797 608 1857 649 (sc.

183 659 366 702 Vitellius).
403 679 447 683 —
465 661 498 693 D
518 661 570 701 37,
583 660 625 692 29
648 670 703 691 res
723 670 756 703 p.
779 659 885 691 malos
915 659 982 691 fert
1010 660 1107 692 cives.
1150 659 1205 702 40,
1219 659 1263 692 25
1289 671 1351 692 nec
1380 661 1463 693 tanti
1493 661 1542 692 rei
1568 671 1600 704 p.
1627 659 1857 693 Gracchorum

184 711 377 757 eloquentia
400 712 472 755 fuit,
494 717 531 745 ut
554 715 727 756 pateretur
743 715 776 743 et
800 710 900 754 leges.
944 710 977 743 A
992 711 1023 753 6,
1036 711 1080 744 20
1102 711 1221 752 effecit,
1242 722 1285 744 ne
1307 712 1400 744 cuius
1421 711 1557 745 alterius
1577 711 1787 755 sacrilegium
1801 722 1857 744 res

185 776 220 809 p.
243 776 344 809 quam
358 764 499 797 Neronis
514 765 677 797 sensisset.
707 763 735 806 Ι,
753 762 806 806 84,
821 763 862 796 21
887 764 934 796 sic
946 762 985 797 fit
1007 769 1045 796 ut
1066 763 1142 796 hinc
1163 774 1217 796 res
1237 775 1269 808 p.
1286 789 1293 796 .
1309 789 1316 796 .
1333 764 1555 806 (constiterit).
1589 764 1640 806 14,
1651 764 1704 806 21,
1718 763 1758 797 13
1780 774 1856 796 cum

186 828 227 850 eo
251 822 386 861 sumptu
406 827 459 849 res
479 828 511 861 p.
535 816 704 860 fungatur.
726 833 771 838 —-
792 814 893 858 D40,
909 817 926 848 1
952 817 1121 849 contiones
1143 815 1295 849 assiduae
1317 841 1324 848 .
1349 841 1356 848 .
1380 817 1570 849 oratoribus
1592 816 1682 849 faces
1701 815 1854 849 admove-

185 869 276 902 bant.
321 868 353 901 A
381 868 411 911 9,
429 869 449 901 9
486 868 545 902 ubi
579 873 763 901 conventus
798 874 983 912 poscerent.
1010 886 1054 891 —
1075 868 1109 901 D
1132 867 1184 910 36,
1204 868 1247 900 24
1269 867 1329 901 hos
1352 873 1385 901 et
1407 873 1586 913 praeturae
1610 873 1643 901 et
1666 868 1856 901 consulatus

188 932 311 954 vocare
334 921 421 953 ultro
442 920 654 953 videbantur.
695 920 723 962 I,
738 920 791 962 52,
810 920 853 953 23
877 919 1015 953 Vitellio
1039 926 1107 953 tres
1128 921 1234 964 patris
1249 920 1449 963 consulatus,
1474 932 1657 963 censuram,
1679 920 1855 964 collegium

183 971 336 1005 Caesaris
371 978 404 1004 et
441 973 602 1016 inponere
638 997 645 1004 .
683 997 690 1004 .
722 972 933 1015 imperatoris
968 971 1193 1015 dignationem
1230 978 1262 1004 et
1301 972 1432 1004 auferre
1478 972 1602 1016 privati
1635 973 1856 1005 securitatem.

182 1023 223 1056 cf.
245 1024 289 1064 ΙΙ,
305 1024 355 1065 78,
374 1024 423 1056 10.

338 1074 478 1118 „Legis“
489 1087 568 1108 usus
575 1075 732 1108 Taciteus
746 1087 766 1108 a
780 1074 1017 1108 consuetudine
1030 1076 1180 1119 priorum
1193 1076 1392 1119 scriptorum
1405 1086 1472 1108 non
1479 1074 1615 1108 recedit.
1629 1075 1660 1113 2,
1668 1075 1721 1118 36,
1731 1076 1772 1108 14
1779 1076 1855 1109 sub-

179 1128 264 1159 verti
276 1127 377 1170 leges,
391 1137 477 1170 quae
491 1138 550 1159 sua
563 1128 671 1171 spatia
683 1126 888 1159 exercendae
902 1125 1154 1159 candidatorum
1167 1126 1349 1159 industriae
1362 1151 1370 1159 .
1382 1152 1389 1158 .
1403 1128 1587 1159 statuerint.
1602 1127 1684 1169 5l,5
1699 1133 1736 1160 ut
1743 1139 1855 1160 nume-

178 1191 235 1212 rus
247 1179 429 1212 liberorum
443 1179 477 1211 in
494 1178 679 1212 candidatis
693 1178 928 1224 praepolleret,
941 1178 1031 1223 quod
1043 1178 1098 1211 lex
1108 1178 1254 1211 iubebat.
1277 1179 1309 1221 4,
1317 1178 1369 1219 34,
1382 1179 1423 1212 10
1434 1190 1518 1223 quos
1529 1178 1585 1211 lex
1596 1179 1778 1212 maiestatis
1789 1191 1855 1212 am-

177 1231 329 1275 plecitur.
355 1231 512 1272 11,22,13
524 1230 614 1274 quod
628 1231 684 1263 lex
696 1232 824 1263 curiata
837 1230 989 1263 ostendit.
1028 1231 1355 1272 15,32‚41exRoseia
1364 1231 1445 1263 nihil
1457 1232 1519 1263 nisi
1533 1231 1574 1263 de
1587 1231 1854 1274 quattuordecim

180 1282 352 1316 ordinibus
368 1283 487 1315 sanxit.
530 1282 707 1315 Notandus
721 1288 770 1315 est
785 1282 965 1326 locus,.qui
977 1282 1100 1326 legitur
1118 1283 1169 1324 12,
1177 1282 1229 1324 60,
1242 1282 1283 1314 12
1297 1294 1393 1325 „cum
1408 1282 1611 1327 Semproniis
1625 1283 1857 1326 rogationibus

180 1341 334 1379 equester
357 1334 439 1368 ordo
460 1336 494 1367 in
515 1336 724 1379 possessione
746 1335 947 1368 iudiciorum
969 1335 1153 1377 locaretur,
1183 1340 1240 1368 aut
1261 1347 1394 1368 rursum
1416 1334 1577 1369 Serviliae
1606 1334 1697 1379 leges
1727 1335 1856 1368 senatui

177 1386 300 1419 iudicia
330 1386 527 1420 redderent“
559 1392 741 1431 propterea
771 1387 862 1431 quod
893 1387 1015 1431 prioris
1045 1387 1184 1419 membri
1213 1388 1380 1431 passivam
1405 1388 1683 1420 constructionem
1707 1388 1857 1430 sequitur

177 1440 297 1472 activa.
345 1438 562 1482 „Rogationi“
591 1439 719 1472 nullam
751 1438 885 1472 videtur
915 1439 1106 1472 attribuisse
1138 1440 1303 1471 actionem
1333 1439 1470 1472 Tacitus
1503 1439 1544 1472 cf.
1568 1439 1666 1481 6,16,
1680 1438 1709 1471 9.
1754 1438 1857 1482 Legis

176 1492 245 1523 vim
266 1491 367 1523 habet
392 1497 525 1523 senatus
549 1492 786 1532 consultum31)
810 1492 923 1534 itaque
947 1490 1031 1523 dixit
1054 1491 1103 1532 14,
1120 1491 1173 1532 43,
1190 1491 1231 1523 12
1251 1490 1398 1523 nondum
1421 1503 1581 1524 concusso
1613 1496 1747 1524 senatus
1779 1502 1854 1523 con-

176 1542 282 1585 sulto,
317 1542 408 1587 quod
436 1542 637 1587 supplicium
670 1544 732 1576 toti
766 1542 912 1576 familiae
949 1542 1174 1575 minitabatur.
1226 1542 1302 1575 Non
1334 1542 1484 1575 diversus
1515 1548 1565 1575 est
1601 1553 1680 1575 usus
1723 1541 1854 1584 „iuris“.

175 1595 238 1637 III,
253 1596 306 1637 51,
320 1596 343 1628 4
364 1607 426 1628 nec
449 1595 515 1628 illis
551 1601 609 1628 aut
643 1595 809 1628 honorare
832 1606 905 1628 eam
929 1594 1065 1628 caedem
1087 1595 1138 1628 ius
1160 1594 1329 1628 hominum
1352 1600 1409 1628 aut
1432 1595 1547 1629 ulcisci
1569 1595 1655 1629 ratio
1678 1594 1758 1628 belli
1780 1606 1853 1639 per-

176 1648 339 1679 mittebat.
385 1648 415 1687 2,
432 1648 483 1688 62,
501 1648 542 1680 10
572 1659 655 1690 quos
680 1648 738 1688 (sc.
764 1648 1003 1690 negotiatores)
1032 1648 1083 1679 ius
1111 1648 1314 1688 commercii,
1344 1647 1421 1679 dein
1451 1673 1459 1680 .
1484 1672 1506 1690 .,
1534 1653 1704 1691 postremo
1728 1647 1853 1679 oblivio

176 1699 307 1743 patriae
330 1725 337 1733 .
361 1724 368 1731 .
391 1698 544 1732 hostilem
566 1700 600 1731 in
614 1710 732 1743 agrum
754 1698 978 1732 transtulerat.
1016 1699 1049 1732 D
1064 1699 1118 1741 40,
1135 1699 1152 1731 1
1176 1699 1228 1731 ius
1241 1699 1507 1743 potentissimum
1524 1709 1689 1743 quemque
1708 1698 1853 1730 vexandi

177 1762 261 1795 quas
289 1751 478 1783 oratoribus
501 1751 591 1784 faces
620 1750 858 1792 (admovebat).
902 1751 965 1783 His
993 1750 1138 1793 adiungo
1164 1751 1215 1792 15,
1232 1751 1286 1792 49,
1306 1752 1324 1784 7
1349 1751 1522 1784 Lucanum
1546 1751 1702 1795 propriae
1732 1762 1853 1783 causae

178 1802 416 1845 accendebant,
440 1828 446 1835 .
466 1815 490 1836 .:
513 1802 716 1836 Lateranum
739 1828 746 1835 .
770 1828 777 1835 .
801 1802 894 1836 nulla
923 1803 1057 1844 iniuria,
1090 1801 1149 1835 sed
1177 1814 1270 1835 amor
1291 1803 1339 1835 rei
1357 1803 1514 1847 publicae
1537 1802 1685 1835 sociavit.
1730 1801 1762 1834 A
1785 1802 1815 1844 9,
1830 1802 1852 1834 9

176 1856 234 1888 ubi
256 1880 263 1887 .
288 1880 295 1887 .
318 1854 441 1888 iudicia
462 1861 646 1899 poscerent.

333 1907 535 1940 Pronomina
573 1913 605 1940 et
624 1907 790 1940 adiectiva
812 1908 943 1951 generis
965 1908 1115 1940 neutrius
1138 1908 1328 1952 saepissime
1351 1908 1483 1951 agentia
1506 1906 1610 1940 finxit.
1618 1908 1646 1948 ²)
1692 1907 1725 1939 D
1743 1907 1794 1949 14,
1811 1906 1853 1938 14

179 1959 214 1992 id
235 1961 345 2003 ipsum
371 1958 526 2002 delectat,
549 1958 647 2003 quod.
671 1985 678 1992 .
702 1985 709 1992 .
732 1960 763 2002 2,
779 1960 831 2002 84,
846 1960 867 1992 2
891 1959 981 2003 quod
997 1985 1004 1992 .
1021 1960 1225 2004 ‚principem
1247 1959 1370 2003 gaudio
1394 1958 1526 1993 adfecit.
1563 1959 1615 2001 84,
1632 1960 1650 1992 7
1673 1958 1799 2004 populo
1817 1983 1825 1991 .
1841 1983 1851 1992 .

334 2062 356 2098 ²)
376 2061 413 2088 ef.
432 2061 496 2088 Liv.
514 2061 556 2094 35,
572 2061 639 2094 lO,9
658 2061 793 2094 obtinuit,
820 2064 853 2088 ut
878 2061 1077 2097 praeferretur
1102 2061 1271 2094 candidato,
1300 2069 1384 2097 quem
1409 2061 1567 2089 Africanus
1597 2062 1690 2089 frater
1717 2060 1851 2092 ducebat,

179 2114 263 2141 quem
281 2105 415 2133 Cornelia
432 2113 504 2141 gens
523 2125 529 2131 .
549 2125 569 2138 .,
589 2113 673 2140 quem
691 2108 803 2132 tantum
822 2105 1033 2140 praeiudicium
1051 2108 1176 2132 senatus.
1189 2121 1222 2125 —
1236 2105 1304 2133 Sall.
1327 2105 1389 2141 Iug.
1408 2105 1451 2138 24,
1464 2106 1481 2132 3
1500 2114 1594 2141 neque
1611 2105 1682 2132 mihi
1701 2125 1707 2131 .
1727 2124 1733 2130 .
1752 2107 1853 2131 vostra

179 2148 294 2176 decreta
312 2149 495 2176 auxiliantur.

336 2193 359 2227 ¹)
379 2192 484 2219 Rarior
503 2196 547 2219 est
564 2192 613 2219 hic
630 2201 700 2219 usus
724 2192 803 2227 apud
827 2192 981 2220 Caesarem
1005 2195 1034 2219 et
1060 2192 1239 2220 Sallustium:
1258 2192 1286 2219 b.
1305 2201 1333 2228 g.
1352 2193 1377 2225 3,
1392 2193 1432 2225 10,
1446 2193 1461 2219 1
1481 2193 1571 2219 multa
1590 2192 1742 2220 Caesarem
1760 2190 1798 2217 ad
1819 2190 1850 2217 id

178 2234 284 2262 bellum
297 2235 467 2262 incitabant.
501 2236 524 2268 7,
538 2235 581 2268 84,
596 2236 613 2262 5
631 2235 728 2262 omnia
747 2255 753 2261 .
776 2256 790 2268 .,
810 2244 885 2271 quae
904 2235 1017 2268 absunt,
1041 2235 1235 2262 vehementius
1257 2236 1402 2263 hominum
1421 2239 1531 2263 mentes
1549 2235 1729 2270 perturbant.
1759 2235 1783 2266 8,
1796 2235 1819 2266 1,
1832 2235 1851 2261 8

179 2288 222 2312 ea,
242 2288 315 2315 quae
333 2289 427 2307 rerum
445 2280 576 2308 novitate
595 2299 601 2306 .
622 2300 628 2305 .
647 2288 702 2307 nos
721 2279 849 2315 capiunt.

337 2323 402 2351 Sall.
422 2323 494 2351 Cat.·
507 2323 548 2356 13,
562 2324 581 2350 4
599 2323 672 2351 haec
689 2324 866 2350 iuventutem
886 2343 893 2349 .
913 2343 919 2349 .
938 2323 975 2350 ad
994 2323 1126 2350 facinora
1144 2323 1346 2351 incendebant.
1383 2323 1425 2356 52,
1438 2323 1471 2350 21
1492 2323 1550 2350 alia
1568 2323 1662 2356 fuere,
1688 2330 1762 2359 quae
1784 2322 1850 2349 illos

178 2375 300 2403 magnos
318 2367 420 2395 fecere.
448 2367 476 2395 b.
496 2367 560 2404 Iug.
580 2368 622 2400 31,
637 2368 651 2394 1
673 2367 764 2394 multa
783 2375 828 2395 me
846 2366 1037 2395 dehortantur
1055 2375 1073 2394 a
1090 2366 1181 2394 vobis.
1211 2367 1254 2401 85,
1266 2367 1303 2395 45
1323 2376 1397 2403 quae
1419 2367 1457 2395 ad
1475 2367 1531 2394 hoc
1548 2369 1661 2402 tempus
1678 2366 1850 2403 Iugurtham

177 2414 275 2439 tutata
294 2414 367 2444 sunt,
386 2412 480 2439 omnia
498 2412 669 2439 removistis.
704 2411 799 2448 Epist.
817 2411 901 2439 Mith.
919 2413 942 2445 §.
960 2411 978 2439 3
996 2420 1037 2445 ea,
1056 2420 1130 2447 quae
1148 2415 1177 2440 te
1194 2412 1301 2440 morari
1319 2420 1404 2448 posse
1422 2410 1564 2444 videntur,
1583 2410 1627 2439 ira
1644 2411 1675 2438 in
1692 2410 1849 2448 Tigranem

177 2455 304 2483 recentis
322 2455 390 2482 belli
408 2459 438 2483 et
455 2464 533 2483 meae
552 2465 598 2484 res
616 2465 718 2492 parum
745 2464 915 2492 prosperae.
942 2476 948 2482 .
975 2476 981 2482 .
1011 2456 1132 2483 maxime
1156 2455 1360 2484 hortabuntur.
1386 2471 1420 2476 -—
1448 2455 1512 2482 Liv.
1531 2455 1572 2488 27,
1586 2455 1628 2488 14,
1639 2455 1672 2483 13
1689 2456 1754 2488 alia,
1773 2464 1849 2492 quae

177 2502 317 2527 terrorem
336 2498 474 2526 facerent.
509 2500 552 2533 47,
566 2500 580 2527 1
600 2509 710 2528 moram
730 2509 847 2537 pugnae
868 2499 969 2528 attulit
987 2500 1072 2535 quod.
1096 2520 1102 2526 .
1123 2520 1130 2526 .
1146 2500 1219 2533 47,5
1239 2499 1311 2527 illud
1329 2503 1455 2527 veterem
1473 2499 1574 2526 ducem
1594 2500 1691 2533 movit,
1722 2500 1825 2536 quod..
1839 2520 1847 2527 .

176 2543 219 2576 29,
233 2543 286 2576 8‚8
321 2542 394 2569 nihil
427 2544 557 2577 omnium,
583 2553 657 2579 quae
683 2544 765 2579 inopi
782 2544 892 2573 invisas
917 2552 987 2579 opes
1008 2544 1181 2579 potentioris
1201 2544 1322 2571 faciunt.
1359 2544 1401 2577 33,
1412 2543 1447 2570 10
1464 2543 1537 2571 haec
1555 2544 1680 2571 animum
1698 2544 1848 2577 inclinant,
