2090 2958
1044 235 1084 269 17

227 342 267 363 ea
290 329 401 363 clades
422 330 612 363 Bructeros.
667 330 772 363 Simili
799 329 898 363 modo
922 330 967 370 Π,
988 330 1041 373 27,
1066 331 1084 363 1
1113 330 1204 363 haud
1233 330 1372 375 perinde
1401 330 1437 364 id
1465 330 1622 364 damnum
1643 330 1840 364 Vitellianos
1861 332 1896 363 in

225 388 351 416 metum
375 382 536 427 compulit
558 394 658 427 quam
680 382 723 416 ad
745 382 941 416 modestiam
965 384 1159 427 composuit.
1203 382 1263 425 IV,
1277 384 1328 426 79,
1342 384 1518 417 22'crebra
1540 383 1660 417 damna
1682 383 1804 416 famam
1825 383 1893 416 vic—

226 435 333 466 toriae
349 459 356 466 .
373 459 380 466 .
395 434 596 467 lacerabant.
616 453 661 457 —
682 434 716 467 D
733 435 784 476 13,
798 435 819 467 3
840 434 916 467 illos
939 435 1120 467 certamina
1141 441 1175 468 et
1198 436 1348 479 pericula
1370 448 1431 468 sua
1449 435 1493 468 ad
1508 436 1699 468 consulatus
1715 436 1895 468 evexerint.

225 484 287 527 IV,
299 485 351 528 72,
365 485 405 518 16
427 496 488 518 nec
510 485 647 530 perinde
668 485 855 531 periculum
877 485 1155 530 obstupefecerat.
1197 486 1230 528 4,
1244 486 1297 528 59,
1315 487 1331 519 1
1356 487 1506 519 oblatum
1521 486 1675 519 Caesari.
1689 487 1894 531 .pericu1um

227 538 321 571 auxit
328 549 415 571 vana
421 539 563 571 rumoris
571 539 793 582 praebuitque
805 538 868 582 ipsi
880 538 1062 580 materiem,
1076 550 1135 571 cur
1147 564 1155 572 .
1168 564 1175 572 .
1189 539 1343 582 15,12,17
1358 545 1452 572 erant
1459 551 1543 583 quos
1550 538 1700 584 pericula
1714 538 1854 572 fratum
1865 564 1873 571 .
1886 564 1894 572 .

225 590 371 634 propriis
395 589 535 622 stimulis
555 589 778 622 incenderent.
799 607 844 612 -—
863 589 1022 632 III,28,5
1043 601 1110 623 non
1132 591 1198 623 iam
1221 591 1355 634 sanguis
1374 602 1482 635 neque
1507 591 1646 623 vulnera
1667 591 1894 633 morabantur,

226 642 308 686 quin
337 642 534 676 subruerent
563 642 698 675 vallum.
742 641 773 685 2,
784 642 869 685 21,8
895 642 1085 687 inprompto
1114 643 1181 676 iam
1204 641 1356 676 Arminio
1387 643 1430 676 ob
1455 643 1612 676 continua
1633 642 1793 687 pericula,
1823 643 1894 675 sive

225 694 321 726 illum
334 718 341 725 .
356 719 363 726 .
376 694 496 726 vulnus
524 694 725 727 tardaverat.
768 695 800 736 4,
813 695 867 736 49,
884 695 924 727 13
952 706 1035 738 quos
1064 695 1218 735 vulnera,
1248 707 1331 738 quos
1355 697 1425 728 sitis
1453 701 1650 740 peremerat.
1672 713 1717 717 —
1738 695 1771 727 D
1787 695 1893 736 37,35

225 745 340 790 plures
350 746 456 780 bonos
467 746 686 791 proeliatores
698 746 786 779 bella
809 758 908 790 quam
922 758 991 791 pax
1006 746 1125 779 ferunt.
1157 746 1201 789 II,
1219 747 1269 789 17,
1284 747 1304 780 3
1327 747 1428 791 longa
1448 759 1517 792 pax
1540 745 1583 780 ad
1607 757 1704 779 omne
1724 747 1893 779 servitium

225 798 374 841 fregerat
395 799 510 831 faciles
534 798 592 839 (sc.
608 797 743 841 milites)
768 799 1017 843 occupantibus.
1064 798 1114 840 12,
1128 799 1178 840 12,
1191 799 1212 831 2
1235 800 1395 832 militares
1419 806 1508 832 artes
1539 811 1601 843 per
1624 799 1729 832 otium
1750 799 1896 842 ignotae,

224 849 471 893 industriosque
494 855 552 882 aut
582 850 720 892 ignavos
749 861 818 893 pax
846 851 881 882 in
911 861 1018 893 aequo
1045 855 1145 882 tenet.
1168 868 1210 873 —-
1233 850 1356 882 Similis
1377 850 1428 882 his
1460 851 1554 883 locus
1584 851 1707 893 legitur
1732 850 1766 882 D
1783 850 1836 891 38,
1853 851 1893 883 18

226 900 327 945 longa
346 907 534 946 temporum
559 902 652 945 quies
675 907 708 935 et
730 902 922 935 continuum
943 901 1061 946 populi
1084 902 1188 934 otium
1207 907 1239 934 et
1256 901 1388 935 assidua
1402 909 1535 935 senatus
1547 901 1771 946 tranquillitas
1782 926 1789 933 .
1806 927 1813 934 .
1830 901 1894 934 elo-

225 955 394 997 quentiam
408 979 415 986 .
429 979 436 986 .
448 960 637 998 pacaverat.
648 954 815 996 —1V‚38,
824 957 862 987 11
873 966 1016 998 quorum
1028 953 1257 998 cupiditates..
1266 954 1357 987 nulla
1365 966 1524 999 umquam
1532 954 1639 987 civilis
1647 954 1789 987 victoria
1797 955 1892 987 satia-

224 1006 282 1038 vit.
329 1006 378 1045 14,
392 1006 498 1048 21,14
521 1011 691 1039 oratorum
706 1032 713 1039 .
730 1031 737 1038 .
752 1007 911 1039 victorias
932 1006 1181 1038 incitamentum
1201 1007 1341 1049 ingeniis
1364 1006 1542 1039 adlaturas.

380 1057 546 1102 Sequatur
560 1069 639 1090 usus
655 1059 828 1099 amicitiae,
851 1057 928 1099 odii,
951 1057 1136 1090 discordiae
1160 1063 1193 1090 et
1216 1069 1301 1101 quae
1317 1063 1393 1090 sunt
1417 1058 1565 1090 eiusdem
1586 1059 1726 1101 generis.
1762 1058 1857 1100 234,
1870 1058 1891 1091 9

224 1121 325 1153 quam
348 1110 404 1150 (sc.
428 1110 660 1154 Urgulaniam)
692 1121 793 1154 supra
820 1109 912 1153 leges
941 1110 1085 1142 amicitia
1107 1108 1281 1153 Augustae
1310 1110 1484 1143 extulerat.
1529 1110 1622 1153 6,29,
1635 1110 1676 1142 15
1697 1109 1778 1142 nihil
1804 1109 1892 1143 hunc

224 1162 369 1194 amicitia
396 1162 523 1203 Seiani,
555 1161 613 1193 sed.
645 1162 803 1194 labefecit
818 1186 848 1193 ..
868 1161 1034 1193 Macronis
1067 1161 1188 1193 odium.
1247 1162 1296 1203 13,
1310 1162 1362 1203 45,
1376 1162 1398 1194 5
1425 1161 1550 1194 Ollium
1565 1187 1573 1194 .
1589 1187 1597 1194 .
1613 1163 1758 1194 amicitia
1781 1161 1890 1194 Seiani

222 1214 394 1258 pervertit.
438 1213 544 1256 37,16
564 1212 790 1257 redintegrata
812 1213 967 1256 amicitia,
989 1224 1074 1257 quae
1094 1214 1189 1246 novis
1206 1239 1213 1245 .
1229 1239 1236 1245 .
1251 1212 1421 1246 beneficiis
1444 1213 1554 1246 locum
1577 1214 1731 1258 aperiret.
1765 1213 1795 1255 2,
1808 1214 1890 1254 71,9

223 1267 251 1298 si
275 1278 358 1310 quos
385 1277 460 1310 spes
489 1277 596 1309 meae,
624 1266 651 1298 si
674 1277 757 1309 quos
779 1266 985 1310 propinquus
1006 1266 1140 1308 sanguis
1155 1290 1162 1297 .
1176 1291 1183 1297 .
1199 1266 1365 1307 movebat,
1386 1266 1650 1299 inlacrimabunt.
1694 1266 1725 1307 3,
1739 1266 1788 1308 12,
1799 1266 1842 1298 24
1863 1267 1890 1298 si

224 1329 308 1363 quos
329 1319 536 1363 propinquus
557 1318 690 1362 sanguis
717 1322 775 1351 aut
796 1317 879 1350 fides
910 1329 970 1350 sua
991 1323 1150 1362 patronos
1171 1317 1271 1350 dedit.
1315 1317 1472 1350 Similiter
1495 1318 1570 1361 D3,
1585 1318 1625 1350 19
1654 1329 1730 1350 cum
1745 1323 1778 1350 te
1793 1343 1800 1350 .
1816 1343 1824 1350 .
1838 1323 1890 1351 tot

223 1372 429 1409 coloniarum
445 1397 452 1404 .
468 1397 475 1404 .
491 1371 663 1404 clientelae
675 1372 709 1403 in
724 1371 834 1404 forum
848 1376 977 1403 vocent.
989 1389 1032 1394 —
1042 1369 1103 1413 IV,
1115 1370 1167 1413 73,
1179 1371 1199 1404 9
1216 1382 1298 1415 quos
1314 1371 1371 1412 (sc.
1387 1371 1513 1415 patres)
1530 1370 1715 1404 discordiae
1729 1382 1833 1415 usque
1847 1370 1890 1404 ad

224 1424 362 1456 exitium
383 1424 577 1467 fatigabant.
609 1425 638 1465 1,
650 1424 702 1464 54,
714 1423 734 1455 6
756 1422 853 1455 ludos
868 1448 876 1455 .
891 1448 898 1455 .
914 1423 1064 1455 turbavit
1086 1422 1252 1455 discordia
1267 1434 1309 1455 ex
1324 1424 1504 1455 certamine
1516 1423 1721 1456 histrionum.
1752 1424 1803 1462 12,
1810 1424 1890 1465 32,ss

224 1481 318 1509 ortae
336 1475 426 1520 apud
440 1475 615 1519 Brigantes
636 1474 821 1508 discordiae
834 1480 1006 1508 retraxere
1015 1474 1141 1507 ducem.
1178 1475 1228 1517 16,
1238 1475 1291 1517 21,
1304 1475 1324 1507 6
1349 1486 1387 1508 ea
1410 1475 1546 1508 offensio
1567 1475 1666 1509 altius
1685 1475 1889 1520 penetrabat.

379 1528 564 1571 Paupertas
587 1533 620 1559 et
642 1527 791 1568 divitiae,
821 1527 928 1569 gloria
953 1533 986 1558 et
1008 1527 1114 1559 honor
1139 1538 1290 1570 quaeque
1313 1533 1389 1559 sunt
1413 1528 1463 1559 his
1487 1528 1607 1560 similia
1629 1529 1761 1570 agentia
1785 1527 1888 1560 finxit.

223 1579 257 1612 D
271 1579 354 1621 8,13
376 1578 554 1612 notabilior
575 1584 756 1623 paupertas
773 1584 806 1611 et
821 1579 993 1622 angustiae
1011 1589 1123 1611 rerum
1134 1603 1141 1610 .
1154 1604 1160 1610 .
1174 1590 1230 1611 eos
1253 1579 1549 1612 circumsteterunt.
1593 1579 1621 1621 I,
1631 1579 1685 1621 48,
1696 1579 1739 1611 22
1761 1579 1888 1611 Pisonis

222 1643 412 1675 supremam
431 1631 637 1663 voluntatem
658 1636 839 1675 paupertas
860 1630 1014 1680 firmavit.
1057 1631 1120 1672 111,
1132 1631 1185 1672 50,
1200 1631 1240 1663 18
1264 1631 1354 1674 ipsos
1366 1656 1373 1663 .
1386 1656 1393 1663 .
1406 1632 1519 1675 inopia
1533 1632 1717 1672 (terrebat).
1753 1630 1794 1672 V,
1805 1631 1835 1672 3,
1848 1632 1887 1663 11

223 1683 336 1726 inopia
358 1692 463 1725 aquae
480 1681 654 1724 fatigabat.
697 1681 757 1722 IV,
771 1682 824 1723 35,
840 1683 857 1713 1
880 1687 1011 1714 nostros
1025 1707 1032 1713 .
1045 1706 1052 1713 .
1067 1689 1196 1724 egestas
1219 1683 1391 1724 copiarum
1414 1683 1586 1725 fatigabat.
1631 1683 1683 1723 60,
1697 1683 1714 1714 1
1738 1682 1888 1714 obsessos

222 1734 299 1773 hinc
322 1733 414 1776 fides,
436 1733 512 1766 inde
535 1739 665 1777 egestas
685 1734 772 1766 inter
786 1732 887 1766 decus
903 1744 942 1766 ac
957 1733 1121 1777 flagitium
1134 1732 1369 1766 distrahebant.
1406 1735 1434 1775 1,
1445 1734 1497 1774 68,
1510 1734 1539 1766 8.
1576 1733 1639 1766 His
1654 1732 1742 1766 addo
1763 1733 1789 1775 I,
1802 1733 1854 1770 85,
1868 1733 1886 1765 7

223 1799 308 1832 quos
324 1813 330 1819 .
347 1812 354 1819 .
370 1797 450 1831 opes
465 1811 472 1818 .
488 1811 495 1818 .
510 1786 700 1819 rumoribus
731 1786 958 1827 (obiecerant).
1012 1785 1058 1828 II,
1070 1786 1101 1827 5,
1114 1785 1136 1818 5
1164 1785 1356 1818 Mucianum
1370 1811 1377 1818 .
1392 1811 1399 1818 .
1415 1785 1661 1830 magnificentia
1698 1792 1730 1819 et
1763 1797 1842 1830 opes
1857 1810 1864 1817 .
1880 1810 1889 1818 .

223 1840 437 1873 extollebant.
481 1838 606 1881 III,72,
620 1839 661 1871 15
683 1837 912 1883 (Capitolium)
933 1838 1047 1871 consul
1063 1837 1229 1870 dedicavit
1251 1849 1290 1870 ea
1312 1837 1569 1882 magnificentia,
1590 1850 1689 1882 quam
1711 1839 1895 1870 immensae

223 1898 341 1937 postea
354 1891 471 1936 populi
494 1890 634 1923 Romani
651 1902 731 1935 opes
747 1896 903 1923 ornarent
924 1891 1036 1934 potius
1051 1902 1151 1934 quam
1173 1897 1342 1933 augerent.
1386 1891 1419 1933 3,
1428 1891 1482 1933 54,
1493 1892 1534 1923 21
1558 1892 1620 1923 nisi
1643 1891 1889 1934 provinciarum

224 1945 341 1987 copiae
354 1948 386 1975 et
399 1942 539 1975 dominis
552 1949 585 1975 et
597 1943 740 1974 servitiis
752 1948 785 1975 et
795 1944 884 1985 agris
894 1943 1120 1975 subvenerint.
1132 1967 1139 1974 .
1148 1967 1155 1973 .
1177 1942 1227 1983 14,
1238 1943 1338 1984 14,.‘20
1348 1954 1475 1975 merces
1488 1944 1531 1975 ab
1544 1954 1583 1975 eo
1592 1944 1649 1986 qui
1657 1943 1772 1975 iubere
1779 1948 1890 1985 potest

168 1986 176 1995 ¹
222 1997 292 2028 vim
315 1995 519 2028 necessitatis
541 1994 659 2027 adfert.
703 1993 781 2027 Huc
795 1993 928 2027 videtur
951 1993 1162 2027 referendum
1183 1993 1216 2027 D
1232 1995 1282 2033 ll,
1294 1995 1333 2027 11
1358 1993 1544 2028 studiorum
1557 2020 1564 2027 .
1577 2020 1584 2027 .
1597 2005 1692 2028 sacra
1713 1993 1888 2039 profanan-

222 2054 291 2081 tem
299 2047 423 2081 Vatinii
438 2047 621 2091 potentiam
640 2046 735 2090 fregi.
768 2047 818 2083 13.
828 2047 860 2088 4,
872 2047 892 2079 9
914 2052 952 2079 ut
966 2072 972 2078 .
986 2072 994 2080 .
1007 2057 1191 2090 paucorum
1207 2047 1357 2090 potentia
1376 2052 1593 2090 grassaretur.
1609 2064 1653 2069 —-
1668 2046 1701 2078 D
1712 2046 1765 2088 40,
1776 2046 1797 2078 2
1817 2046 1892 2089 ipsa

222 2099 468 2134 inimicitiarum
493 2098 600 2143 gloria
613 2124 621 2131 .
633 2124 640 2131 .
660 2098 849 2132 oratoribus
869 2098 960 2131 faces
980 2098 1189 2131 admovebat.
1232 2098 1277 2139 11,
1289 2098 1320 2141 4,
1334 2099 1352 2130 7
1376 2098 1553 2131 aemulatio
1577 2103 1611 2131 et
1632 2098 1773 2143 proximi
1797 2108 1889 2129 exer-

224 2154 310 2186 citus
327 2152 434 2195 gloria
462 2151 635 2196 depulerat
657 2152 839 2195 segnitiam.
872 2151 1019 2194 1V,55,9
1046 2151 1205 2184 Sabinum
1228 2177 1235 2184 .
1262 2177 1269 2184 .
1285 2151 1389 2184 falsae
1410 2152 1522 2195 stirpis
1550 2151 1658 2195 gloria
1683 2149 1891 2183 incendebat.

221 2204 362 2247 4,33,23
374 2203 481 2247 gloria
493 2214 532 2235 ac
545 2204 650 2235 virtus
664 2203 810 2235 infensos
820 2203 932 2245 habet,
951 2208 988 2235 ut
1006 2203 1102 2235 nimis
1117 2214 1159 2234 ex
1171 2204 1359 2247 propinquo
1373 2203 1669 2246 diversa‘arguens.
1688 2203 1820 2244 l2,42,9
1834 2203 1892 2245 qui

222 2256 328 2290 honos
344 2254 603 2289 sacerdotibus..
613 2266 787 2289 concessus
794 2255 1041 2288 venerationem
1054 2255 1200 2299 augebat
1215 2255 1365 2288 feminae.
1374 2255 1450 2297 —2,
1462 2255 1559 2298 13,11
1572 2253 1718 2288 incendit
1727 2265 1765 2287 ea
1777 2259 1892 2287 contu-

222 2309 323 2340 melia
344 2308 511 2350 legionum
534 2308 610 2340 iras.
656 2308 706 2349 12,
721 2308 773 2348 40,
798 2307 838 2338 15
860 2308 1050 2340 stimulante
1078 2308 1267 2349 ignominia.
1308 2308 1357 2348 15,
1374 2308 1427 2348 44,
1450 2308 1470 2339 8
1497 2319 1564 2339 non
1594 2319 1658 2350 ope
1686 2308 1829 2339 humana
1854 2332 1861 2338 .
1885 2332 1893 2338 .

223 2358 408 2393 decedebat
428 2359 572 2392 infamia.

380 2411 536 2455 Adiungo
552 2423 620 2444 non
634 2411 841 2455 frequentem
863 2422 960 2443 usum
976 2412 1056 2443 artis
1073 2416 1105 2443 et
1124 2411 1343 2455 eloquentiae,
1366 2411 1523 2444 scientiae
1544 2416 1577 2443 et
1594 2411 1740 2443 notitiae.
1764 2410 1797 2443 G
1808 2411 1861 2452 24,
1872 2411 1893 2443 3

224 2464 418 2495 exercitatio
442 2469 547 2496 artem
568 2464 710 2507 paravit,
733 2474 786 2495 ars
809 2462 972 2495 decorem.
1007 2463 1040 2495 D
1053 2463 1138 2504 28,4
1155 2463 1378 2506 eloquentiam
1393 2468 1425 2494 et
1449 2468 1577 2495 ceteras
1603 2468 1691 2495 artes
1714 2461 1892 2494 descivisse

224 2515 267 2548 ab
282 2515 341 2548 illa
355 2521 468 2549 vetere
483 2515 598 2560 gloria.
621 2515 651 2558 8,
662 2515 683 2548 6
696 2527 757 2548 nec
770 2514 833 2548 hoc
848 2514 914 2548 illis
927 2540 934 2548 .
947 2540 954 2547 .
967 2521 1019 2548 ter
1034 2515 1140 2548 milies
1156 2515 1344 2548 sestertium
1359 2520 1518 2559 praestat,
1533 2513 1592 2547 sed
1607 2515 1680 2559 ipsa
1696 2514 1893 2559 eloquentia.

1680 2578 1698 2606 3
