2090 2958
1027 261 1067 294 18

203 360 258 402 32,
269 360 321 393 20.
350 359 404 402 37,
415 359 459 392 35
482 349 647 392 cfi'totum
665 359 787 392 locum.
832 358 938 400 31‚23
961 363 1038 391 sunt
1060 356 1151 401 apud
1173 368 1276 401 quos.
1289 357 1439 401 .singula
1461 358 1573 391 statim
1595 362 1790 401 argumenta
1808 368 1884 390 con-

206 410 345 445 cludens
367 410 500 445 dicendi
530 422 634 455 genus
658 410 736 455 plus
755 409 834 443 fidei
864 415 1020 443 meretur.
1043 427 1087 432 —
1109 408 1240 452 D32‚5
1262 410 1336 454 ipsa
1357 409 1537 442 multarum
1564 409 1685 442 artium
1707 409 1884 442 scientia..

204 476 266 497 nos
297 469 394 497 ornat
425 470 564 508 atque..
579 463 701 496 eminet
733 468 766 496 et
798 461 940 496 excellit.
992 461 1025 495 A
1039 461 1121 504 10‚5
1151 461 1334 495 insularum
1363 473 1447 506 quas
1469 462 1619 496 Romana
1648 461 1767 495 notitia
1797 472 1884 495 com-

203 515 364 560 plectitur
385 517 539 548 maxima.

365 575 474 609 Venio
498 574 540 608 ad
561 586 659 608 usum
675 574 851 619 epistolae,
873 573 1090 615 literarum¹)‚
1113 574 1426 607 commentariorum
1443 580 1476 608 et
1491 585 1576 619 quae
1592 578 1668 607 sunt
1689 573 1740 606 his
1754 573 1884 608 similia.

204 628 233 670 Ι,
245 628 330 670 74,2
364 628 501 661 crebrae
535 627 577 660 ab
607 626 739 660 Othone
770 626 813 659 ad
839 625 1014 659 Vitellium
1049 625 1211 670 epistulae
1242 626 1427 659 offerebant
1459 627 1635 671 pecuniam
1668 631 1701 659 et
1732 627 1884 669 gratiam.

206 680 259 720 74,
273 680 314 713 13
344 679 437 713 addit
466 678 625 724 epistulas
653 679 781 712 Fabius
802 677 928 711 Valens
942 703 949 710 .
965 703 972 710 .
988 677 1182 722 magnificas
1208 683 1241 711 et
1271 677 1484 711 concordiam
1513 678 1703 720 offerentes;
1734 679 1883 723 increpa-

205 732 267 766 bat
289 732 394 775 ultro,
424 731 514 777 quod
529 757 536 764 .
552 757 559 764 .
576 757 583 764 .
619 731 730 774 11,54,
744 731 785 764 13
815 730 921 764 donec
950 731 1070 763 missae
1098 742 1118 763 a
1139 729 1247 764 Fabio
1270 729 1412 764 Valente
1441 731 1604 775 epistulae
1626 730 1795 764 demerent
1817 741 1882 763 me-

206 790 288 818 tum.
333 785 387 818 De
407 784 510 827 111,9‚
522 783 565 816 25
596 789 629 816 et
658 783 719 825 IV,
732 783 784 825 32,
798 784 815 816 1
841 783 882 816 cf.
905 782 1001 815 infra.
1045 782 1105 823 IV,
1117 783 1148 825 4,
1162 783 1179 815 1
1201 783 1337 816 miserat
1355 783 1531 816 Mucianus
1555 783 1767 828 epistulas..‚
1797 793 1883 827 quae

206 839 379 871 materiam
402 836 609 870 sermonibus
631 836 827 881 praebuere.
872 835 903 876 3,
918 835 956 868 17
983 834 1142 868 addidere
1166 834 1373 869 alacritatem
1394 834 1592 881 Vespasiani
1614 835 1740 869 literae.
1775 834 1884 878 24,15

206 890 259 923 his
273 915 280 922 .
297 915 304 922 .
319 890 458 922 vocibus
490 889 664 921 instinctos
700 888 914 921 flammavere
929 913 936 920 .
952 913 960 920 .
977 888 1098 920 allatae
1129 900 1148 920 a
1178 887 1383 932 Vespasiano
1414 888 1539 921 literae.
1596 888 1682 931 31,2
1709 889 1803 921 cuius
1825 888 1883 929 (sc.

207 941 339 986 proelii)
355 946 510 974 eventum
531 940 648 973 literae
663 940 766 973 Primi
778 938 916 972 Antonii
932 938 1085 972 docuere.
1130 940 1188 972 Bis
1210 939 1264 973 hic
1289 939 1489 984 „epistolae“
1515 945 1548 972 et
1569 939 1779 982 „literarum“
1805 952 1884 973 usus

207 994 242 1026 in
265 993 438 1026 annalibus
458 993 641 1034 invenitur,
672 993 698 1024 si
725 992 791 1024 huc
816 991 942 1024 referre
977 991 1056 1024 licet
1099 992 1130 1031 4,
1142 992 1228 1034 41,8
1252 1003 1327 1024 cum
1353 1003 1414 1036 per
1434 992 1556 1024 milites
1579 998 1801 1025 commearent
1824 992 1883 1033 (sc.

207 1045 336 1086 literae)
361 1050 393 1077 et
418 1044 448 1086 6,
460 1044 544 1086 24,7
570 1043 683 1076 liberti
709 1043 872 1088 epistulae
895 1054 1067 1076 servorum
1090 1044 1224 1076 nomina
1246 1043 1490 1088 praeferebant.
1534 1042 1581 1076 At
1603 1043 1634 1086 2,
1646 1043 1730 1086 60,9
1755 1054 1883 1086 „mane—

207 1098 289 1130 bant
304 1122 311 1129 .
327 1122 334 1129 .
350 1097 467 1130 literae
483 1122 490 1129 .
508 1122 530 1138 .‚
544 1096 691 1141 priorem
713 1096 917 1141 opulentiam
941 1095 1155 1140 complexae“
1180 1095 1246 1129 alia
1268 1101 1318 1129 est
1339 1095 1537 1140 significatio
1563 1095 1791 1138 „literarum“;
1818 1095 1885 1129 huc

206 1150 314 1182 minus
335 1150 481 1193 pertinet
503 1149 597 1191 6,47‚
611 1149 651 1181 13
677 1148 808 1191 „nullae
824 1149 859 1181 in
879 1159 936 1181 eos
956 1148 1167 1192 imperatoris
1185 1148 1302 1181 literae
1324 1148 1545 1193 suspicionem
1559 1147 1702 1181 dabant“
1728 1149 1885 1192 quoniam

206 1202 258 1235 vis
281 1202 463 1235 sententiae
486 1202 520 1235 in
544 1200 709 1234 adiectivo
733 1201 843 1246 posita
865 1206 915 1234 est
940 1199 1020 1244 „das
1041 1200 1407 1234 Nichtvorhandensein
1429 1201 1518 1233 eines
1540 1199 1757 1234 Schreibens“
1782 1200 1884 1245 Nipp.

206 1254 282 1287 Non
304 1253 472 1298 discrepat
502 1254 545 1287 ab
575 1253 639 1286 hoc
667 1265 730 1286 usu
759 1254 791 1296 4,
806 1253 859 1295 34,
876 1254 916 1286 18
945 1253 1106 1286 Pollionis
1136 1254 1260 1297 scripta
1290 1254 1459 1297 egregiam
1481 1252 1662 1286 eorundem
1690 1253 1884 1286 memoriam

205 1305 352 1338 tradunt.
397 1306 491 1347 6,47,
507 1306 547 1337 12
569 1306 744 1338 tormentis
766 1316 941 1338 servorum
963 1305 1156 1337 Macronem
1185 1305 1392 1349 praesedisse
1415 1306 1642 1338 commentarii
1665 1304 1709 1337 ad
1733 1310 1884 1337 senatum

206 1358 297 1391 missi
328 1358 490 1391 ferebant.
546 1357 706 1391 Eiusdem
737 1357 807 1390 fere
843 1358 975 1401 generis
1003 1362 1080 1390 sunt
1101 1357 1135 1390 D
1148 1357 1233 1399 3,16
1255 1363 1289 1390 te
1319 1356 1512 1401 tragoediae
1546 1357 1629 1390 istae
1657 1368 1724 1389 non
1753 1358 1883 1390 satiant.

206 1411 238 1453 9,
252 1411 269 1442 1
295 1411 442 1442 carmina
457 1416 490 1442 et
505 1421 622 1442 versus
638 1435 645 1442 .
662 1435 668 1441 .
684 1421 793 1453 neque
810 1408 1007 1453 dignitatem
1029 1409 1208 1442 conciliant
1230 1420 1338 1453 neque
1361 1409 1521 1442 utilitates
1544 1409 1653 1451 alunt3
1676 1409 1883 1453 voluptatem

207 1467 320 1494 autem
342 1462 526 1494 brevem..
543 1467 799 1505 consequuntur.
822 1480 864 1485 —
889 1461 1048 1503 Sermo²)‚
1072 1462 1221 1503 oratio³),
1244 1461 1415 1503 sententia,
1438 1461 1560 1505 opinio,
1583 1462 1783 1503 coniectura,
1805 1473 1884 1502 vox,

206 1514 277 1547 sim.
301 1525 377 1547 cum
399 1514 513 1547 verbis
532 1513 651 1558 agendi
675 1514 930 1558 coniunguntur.
975 1513 1009 1546 D
1024 1513 1105 1554 14,9
1133 1513 1331 1547 delectasset
1357 1518 1391 1546 te
1415 1518 1447 1546 et
1468 1512 1576 1558 Apri.
1593 1538 1600 1546 .
1617 1514 1883 1546 accuratissimus

207 1578 314 1599 sermo
331 1591 338 1598 .
356 1592 362 1599 .
378 1572 411 1599 et
442 1566 584 1600 Materni
601 1592 609 1601 .
626 1592 634 1600 .
652 1578 714 1611 pro
743 1567 945 1599 carminibus
975 1567 1043 1599 suis
1074 1566 1163 1599 laeta
1178 1592 1185 1599 .
1203 1592 1209 1599 .
1227 1567 1286 1608 (et)
1303 1592 1310 1599 .
1325 1592 1332 1599 .
1348 1565 1523 1599 audentior
1546 1591 1553 1598 .
1574 1591 1581 1598 .
1602 1567 1718 1599 oratio.
1775 1566 1825 1608 14,
1842 1566 1883 1599 14

205 1629 259 1651 me
277 1643 284 1650 .
300 1643 307 1650 .
324 1630 432 1651 sermo
448 1620 510 1651 iste
525 1618 666 1651 infinitia
682 1618 856 1662 voluptate
872 1617 1063 1660 adfecisset,
1088 1623 1188 1662 atque
1204 1617 1238 1650 id
1253 1619 1362 1662 ipsum
1379 1617 1537 1660 delectat,
1560 1618 1652 1662 quod
1665 1643 1672 1650 .
1685 1643 1692 1650 .
1706 1618 1747 1650 cf.
1758 1619 1789 1660 2,
1797 1619 1850 1660 28,
1862 1619 1883 1651 6

207 1682 404 1714 congressus
428 1671 558 1703 abnuit:
585 1682 683 1714 posse
700 1696 706 1703 .
723 1696 730 1703 .
746 1670 863 1703 eodem
886 1670 1010 1703 Flacco
1032 1671 1234 1703 internuntio
1260 1681 1427 1703 sermones
1451 1681 1644 1703 commeare.
1688 1670 1783 1713 4‚68,
1797 1671 1836 1703 19
1859 1671 1883 1703 ii

207 1733 376 1754 sermones
388 1747 395 1754 .
408 1747 415 1754 .
428 1723 573 1766 speciem
593 1728 686 1755 artae
707 1723 871 1755 amicitiae
885 1722 1003 1755 fecere.
1040 1722 1090 1764 14,
1103 1723 1155 1764 62,
1170 1723 1186 1754 1
1209 1723 1322 1755 varius
1338 1733 1445 1755 sermo
1459 1747 1466 1754 .
1479 1748 1486 1754 .
1499 1723 1619 1755 terruit
1637 1722 1735 1755 simul
1748 1721 1881 1755 audien-

206 1779 276 1806 tem
300 1778 333 1806 et
356 1773 515 1806 accendit.
553 1773 726 1806 Audacius
750 1784 850 1817 quam
872 1774 991 1806 ceteris
1013 1773 1095 1806 locis
1111 1773 1245 1806 videtur
1267 1773 1390 1806 dixisse
1412 1774 1443 1816 2,
1455 1774 1540 1816 82,5
1561 1774 1625 1806 hoc
1648 1775 1753 1817 egisse
1776 1785 1881 1806 secre-

206 1831 260 1858 tos
274 1825 449 1869 Augustae
466 1837 541 1857 cum
556 1825 716 1858 Plancina
731 1837 907 1858 sermones.
943 1825 1006 1858 His
1024 1825 1131 1858 adicio
1148 1825 1181 1858 D
1193 1826 1224 1867 3,
1236 1825 1258 1857 4
1278 1826 1402 1858 nihilne
1417 1832 1450 1859 te
1463 1851 1470 1858 .
1485 1851 1492 1858 .
1504 1825 1639 1859 fabulae
1661 1826 1882 1870 malignorum

206 1877 357 1911 terrent?
380 1878 400 1910 i.
417 1889 443 1911 e.
458 1878 667 1911 sermunculi.
690 1896 733 1901 -—
755 1877 788 1910 D
801 1877 854 1921 31,
866 1878 909 1910 25
929 1878 1012 1911 alios
1026 1903 1033 1910 .
1050 1904 1057 1911 .
1073 1878 1258 1923 aequabilis
1274 1904 1281 1911 .
1298 1904 1304 1910 .
1320 1879 1427 1911 oratio
1451 1878 1557 1922 magis
1579 1877 1731 1911 delectat.
1776 1877 1828 1920 37,
1838 1877 1883 1911 25

206 1942 274 1962 non
291 1955 298 1962 .
313 1955 320 1962 .
337 1930 597 1962 Demosthenem
626 1931 792 1963 orationes
813 1930 981 1964 illustrant
1004 1943 1086 1974 quas
1103 1956 1109 1963 .
1126 1956 1133 1963 .
1150 1931 1191 1963 cf.
1215 1931 1265 1973 13,
1276 1931 1307 1973 3,
1319 1932 1337 1964 7
1364 1943 1566 1975 quamquam
1586 1931 1691 1964 oratio
1713 1943 1733 1964 a
1755 1929 1882 1963 Seneca

208 1982 393 2026 composita
417 1981 558 2014 multum
581 1981 690 2014 cultus
711 1981 906 2026 praeferret.
950 1982 983 2014 D
996 1982 1104 2025 35,14
1126 1983 1294 2014 suasoriae
1308 2007 1315 2014 .
1332 2007 1338 2014 .
1354 1983 1462 2015 minus
1484 1982 1681 2027 prudentiae
1702 1983 1881 2025 exigentes.

206 2053 249 2058 —
272 2034 452 2066 Rarissime
479 2035 644 2066 actionem
666 2033 803 2067 Tacitus
832 2034 950 2067 tribuit
977 2035 1211 2076 sententiae⁴):
1256 2034 1283 2076 Ι,
1297 2035 1350 2077 32,
1364 2034 1384 2067 8
1411 2034 1555 2068 Galbam
1585 2033 1670 2068 duae
1699 2035 1882 2068 sententiae

368 2135 390 2170 ¹)
411 2134 497 2161 Hunc
515 2143 597 2162 usum
616 2135 726 2170 sprevit
739 2134 846 2162 Caesar
864 2138 893 2162 et
913 2139 946 2162 ut
958 2135 1073 2163 videtur
1084 2135 1244 2168 Sallustius,
1263 2135 1363 2163 Livius
1382 2135 1498 2163 admisit
1516 2135 1553 2162 cf.
1566 2136 1608 2169 27,
1618 2136 1643 2169 4,
1654 2136 1678 2163 1.
1707 2135 1776 2168 39‚1.
1803 2135 1844 2169 50,
1855 2135 1880 2162 9.

207 2178 248 2211 35,
257 2179 298 2211 25,
308 2180 333 2206 5.
359 2179 401 2211 37,
412 2179 454 2212 25,
464 2178 489 2205 8.
514 2179 556 2211 51,
567 2179 592 2205 8.

364 2231 388 2266 ¹)
408 2231 486 2258 Satis
506 2230 663 2257 insolenter
682 2230 755 2257 dixit
773 2230 837 2256 Liv.
856 2231 898 2262 28,
909 2231 932 2263 9,
945 2232 978 2258 15
1001 2231 1031 2258 hi
1052 2240 1197 2259 sermones
1223 2232 1415 2267 spectantium
1433 2231 1576 2259 Neronem
1600 2240 1691 2267 usque
1715 2231 1745 2258 in
1764 2231 1880 2267 Capito-

208 2272 277 2299 lium
296 2274 440 2308 prosecuti
463 2276 531 2300 sunt
548 2273 585 2299 cf.
605 2272 767 2299 VVeissenb.

364 2327 387 2362 ι)
407 2325 668 2366 Apudeaesarem
685 2334 744 2353 non
762 2326 804 2353 ita
821 2325 980 2359 observavi,
1000 2326 1050 2354 sed
1069 2326 1107 2354 ef.
1126 2326 1193 2355 Sall.
1216 2326 1278 2355 Cat.
1297 2327 1392 2361 20,15.
1417 2327 1459 2360 51,
1472 2327 1512 2354 10.
1538 2326 1601 2364 Iug.
1620 2326 1662 2360 85,
1672 2326 1715 2354 27.
1743 2325 1881 2355 Similiter

210 2369 273 2397 Cat.
294 2370 370 2402 58,1.
397 2371 460 2406 lug.
479 2371 573 2404 85‚50.
599 2370 663 2397 Liv.
680 2370 722 2403 35,
733 2370 774 2403 19,
786 2370 810 2397 7.
834 2369 876 2403 37,
887 2370 928 2403 53,
939 2371 963 2397 6.
988 2371 1012 2404 6,
1022 2371 1049 2398 6.

366 2423 390 2457 ¹)
409 2422 558 2458 Nusquam
576 2422 609 2449 T.
632 2422 662 2449 id
682 2422 756 2450 dixit
774 2421 852 2458 quod
876 2422 953 2458 apud
975 2423 1088 2458 priores
1113 2423 1269 2458 scriptores
1293 2424 1366 2450 satis
1390 2423 1528 2450 usitatum
1551 2426 1596 2450 est
1621 2424 1780 2457 „sententia
1801 2423 1881 2456 vicit,

207 2466 358 2501 superat“:
378 2466 407 2492 in
420 2475 517 2494 eorum
528 2467 623 2494 locum
635 2466 788 2494 substituit
806 2466 830 2499 6,
840 2466 885 2499 44,
897 2466 938 2493 16.
964 2467 1004 2499 13,
1015 2467 1057 2500 27,
1068 2467 1102 2494 13
1121 2476 1155 2495 ea
1168 2467 1262 2503 (haec)
1276 2467 1420 2495 sententia
1432 2467 1532 2495 valuit.
1563 2467 1654 2496 Simili
1671 2467 1756 2495 modo
1776 2467 1816 2500 12,
1825 2466 1850 2500 3,
1863 2467 1878 2494 1

206 2508 395 2544 praevaluere
410 2509 489 2536 haec.
525 2510 575 2543 IV,
585 2511 609 2543 8,
620 2510 655 2537 22
672 2511 744 2537 vicit
761 2519 830 2545 pars
843 2519 917 2546 quae
930 2530 936 2536 .
947 2530 953 2536 .
964 2510 1098 2538 malebat.
1129 2512 1170 2544 56,
1180 2512 1197 2538 3
1215 2512 1286 2538 vicit
1305 2511 1380 2538 ratio
1398 2511 1536 2546 parcendi
1555 2512 1573 2538 i.
1586 2520 1610 2539 e.
1627 2512 1770 2539 sententia
1780 2519 1879 2538 eorum

206 2552 258 2588 qui
277 2551 453 2588 parcendum
471 2553 634 2581 censebant.
671 2554 788 2590 Sprevit
805 2554 893 2581 etiam
914 2553 943 2580 id
963 2554 1039 2589 quod
1059 2554 1137 2590 apud
1156 2554 1307 2582 Caesarem
1329 2557 1358 2582 et
1377 2554 1491 2581 Livium
1508 2555 1616 2591 legitur
1637 2555 1797 2589 „sententia
1814 2563 1879 2582 cen—
