2090 2958
1028 249 1071 282 28

218 347 245 387 Ι,
262 347 291 387 7,
311 346 351 378 13
374 346 516 390 principi
543 370 550 377 .
575 370 582 377 .
605 345 691 377 male
715 345 804 377 facta
827 369 835 376 .
860 369 866 376 .
891 344 1049 376 invidiam
1080 345 1282 377 adferebant.
1329 346 1357 386 1,
1371 344 1464 385 51,3.
1498 344 1643 385 14‚33‚9
1677 346 1704 377 si
1735 355 1818 388 quos
1840 345 1886 376 in-

218 398 318 431 bellis
353 410 452 431 sexus
490 403 547 430 aut
582 397 670 429 fessa
700 402 792 429 aetas
813 422 820 428 .
844 421 851 428 .
882 397 1071 429 attinuerat.
1118 398 1145 438 1,
1169 397 1220 437 65,
1242 397 1262 429 6
1294 395 1412 429 ducem
1442 397 1561 428 terruit
1593 395 1665 429 dira
1694 398 1786 440 quies
1816 397 1837 429 i.
1860 407 1887 428 e.

220 461 364 484 somnus.
400 450 452 491 74,
469 449 508 483 19
532 449 712 482 manebant
735 474 742 481 .
766 474 772 481 .
790 449 932 492 vestigia
954 449 1125 482 morientis
1147 449 1320 483 libertatis.
1355 448 1386 490 2,
1403 448 1453 490 16,
1471 448 1511 481 13
1526 448 1670 481 intentus
1684 454 1888 494 paratusque

219 503 325 542 miles,
347 509 384 535 ut
408 502 489 535 ordo
512 502 652 544 agminis
667 502 701 533 in
725 502 829 533 aciem
854 501 1028 534 adsisteret
1040 503 1059 534 i.
1071 513 1097 534 e.
1111 508 1148 534 ut
1161 502 1281 534 milites
1305 501 1421 533 eodem
1446 500 1570 541 ordine,
1595 512 1693 543 quem
1715 502 1749 532 in
1771 502 1888 534 itinere

220 560 446 594 servaverant,
463 554 497 586 in
509 554 614 586 aciem
627 552 832 585 adsisterent.
869 552 954 594 47,3
970 564 1079 597 neque
1103 553 1235 586 solitum
1257 554 1290 586 in
1312 552 1370 586 tali
1394 563 1472 585 casu
1492 551 1649 595 effugium
1670 552 1889 585 subveniebat

220 608 242 640 i.
266 618 293 639 e.
316 613 464 651 potestas
487 605 675 649 effugiendi.
721 606 752 644 3,
763 605 815 645 30,
830 606 869 638 18
894 606 995 638 satias
1021 607 1110 649 capit
1135 631 1141 638 .
1165 631 1172 638 .
1195 606 1279 638 illos.
1322 606 1374 646 54,
1389 605 1431 637 25
1454 604 1573 636 divites
1595 605 1695 637 satias
1716 605 1750 637 in
1771 605 1889 638 melius

221 664 337 691 mutet.
364 658 434 700 1,3,
447 658 494 690 13.
517 658 549 700 4,
564 657 594 699 3,
609 656 1138 702 3dolusintervalla..poscebat.
1162 658 1215 699 40,
1226 658 1266 690 10
1278 668 1359 701 quas
1375 657 1431 698 (sc.
1448 656 1646 697 inimicitias)
1671 656 1769 699 longe
1781 657 1890 689 acrius

223 723 366 753 arsuras,
389 712 415 744 si
438 710 683 743 matrimonium
696 708 813 742 Liviae
833 709 925 742 velut
948 711 982 742 in
1004 715 1117 755 partes
1139 709 1273 742 domum
1292 709 1469 742 Caesarum
1493 707 1707 741 distraxisset.
1743 709 1890 751 12‚57‚5

224 763 413 796 convivium
447 762 581 795 effluvio
616 762 709 794 lacus
744 760 933 805 adpositum
965 773 1085 805 magna
1123 761 1298 794 formidine
1329 767 1464 794 cunctos
1497 760 1627 793 adfecit.
1674 761 1724 802 13,
1740 761 1792 803 46,
1809 761 1829 793 3
1852 767 1890 794 ut

225 814 422 847 accenderet
446 815 503 854 (sc.
526 814 711 857 principem
735 812 838 854 Otho)
862 824 911 853 ac,
935 815 961 845 si
986 813 1100 845 eadem
1123 813 1245 845 femina
1268 819 1479 857 poterentur,
1508 813 1542 844 id
1565 823 1698 855 quoque
1720 814 1890 845 vinculum

224 867 408 910 potentiam
442 867 471 898 ei
508 866 663 898 adiceret.
711 866 761 906 14,
778 865 808 907 3,
827 866 867 898 15
891 867 984 898 cuius
1008 866 1064 906 (sc.
1087 866 1193 906 navis)
1219 877 1297 909 pars
1322 891 1329 897 .
1354 890 1363 899 .
1387 866 1421 897 in
1451 866 1532 897 mari
1563 876 1623 909 per
1652 870 1757 897 artem
1781 865 1891 899 soluta

225 918 409 951 effunderet
444 919 603 962 ignaram.

381 969 514 1002 Addam
554 981 639 1014 quae
678 969 834 1001 videntur
883 969 1035 1001 addenda
1078 980 1148 1001 esse
1194 968 1234 1000 de
1277 980 1339 1001 usu
1382 971 1634 1015 participiorum
1677 969 1760 1014 perf.
1804 981 1891 1014 pass.

225 1035 300 1055 cum
335 1023 571 1058 substantivis.
600 1023 708 1054 rarius
732 1034 807 1054 eum
829 1023 1080 1065 pronominibus
1106 1023 1153 1053 ita
1178 1023 1446 1063 coniunctorum,
1480 1028 1517 1054 ut
1550 1024 1601 1054 vis
1635 1023 1743 1065 posita
1778 1023 1819 1054 sit
1856 1023 1891 1054 in

223 1075 424 1119 participiis:
469 1074 551 1106 haec
593 1074 695 1116 igitur
739 1074 906 1117 accipiunt
950 1073 1223 1117 significationem
1260 1074 1544 1106 substantivorum
1580 1073 1764 1106 verbalium
1805 1085 1891 1118 quae

224 1125 388 1159 dicuntur.
435 1124 500 1166 Qui
523 1136 602 1157 usus
618 1136 718 1168 quam
734 1125 800 1157 late
813 1131 935 1169 pateat,
959 1136 1001 1157 ex
1017 1126 1062 1158 eis
1079 1136 1164 1169 quae
1181 1125 1385 1169 collegerunt
1400 1125 1487 1170 Rup.
1499 1125 1559 1158 IV.
1571 1137 1626 1169 pg.
1640 1125 1713 1167 829,
1728 1125 1891 1160 Boettich.

225 1178 308 1210 Lex.
332 1178 411 1210 Tac.
435 1189 490 1222 pg.
513 1177 587 1218 339,
609 1177 707 1219 Roth,
729 1177 842 1220 Agric.
865 1188 919 1221 pg.
944 1178 1016 1217 186,
1037 1177 1285 1220 Iungelaussen,
1308 1177 1487 1210 Kie11848
1508 1189 1563 1221 pg.
1583 1178 1636 1215 33,
1653 1178 1775 1221 Draeg.
1788 1179 1816 1218 ξ.
1828 1178 1893 1211 210

226 1242 293 1263 non
336 1231 415 1263 satis
450 1229 583 1262 videtur
618 1241 790 1273 apparere.
833 1229 873 1262 Id
898 1235 1019 1271 autem,
1042 1229 1131 1273 quod
1154 1228 1243 1273 apud
1265 1229 1398 1262 Livium
1420 1230 1552 1273 legitur,
1571 1242 1734 1273 nusquam
1757 1230 1893 1263 Tacitus

227 1282 289 1315 sibi
329 1282 508 1323 concessit,
542 1286 579 1314 ut
614 1282 734 1314 omisso
765 1282 960 1326 pronomine
984 1282 1196 1325 participium
1216 1281 1322 1314 solum
1344 1281 1391 1314 ita
1414 1286 1599 1326 usurparet.
1644 1281 1677 1314 D
1700 1281 1752 1324 37,
1767 1282 1807 1315 27
1831 1293 1893 1315 nec

227 1334 423 1368 Ciceronem
461 1346 618 1377 magnum
655 1339 822 1366 oratorem
850 1334 886 1366 P.
926 1333 1101 1374 Quinctius
1132 1333 1286 1366 defensus
1317 1340 1374 1366 aut
1406 1333 1554 1367 Licinius
1583 1333 1724 1367 Archias
1758 1334 1893 1368 faciunt.

228 1388 257 1429 1,
275 1387 326 1428 16,
341 1387 361 1418 2
384 1391 532 1418 mutatus
553 1386 710 1430 princeps
731 1386 898 1418 licentiam
921 1386 1095 1419 turbarum
1113 1411 1120 1419 .
1136 1411 1142 1418 .
1158 1385 1362 1418 ostendebat.
1396 1386 1449 1428 42,
1462 1387 1483 1418 6
1497 1397 1581 1418 neve
1602 1387 1730 1418 occisus
1749 1386 1893 1430 Augusti

228 1450 415 1483 pronepos,
442 1439 618 1469 interfecta
642 1438 768 1470 Tiberii
798 1450 900 1470 nurus
922 1440 1130 1470 nocentiores
1146 1450 1205 1470 vos
1230 1438 1363 1470 faciant.
1408 1439 1438 1480 2,
1459 1439 1510 1479 84,
1525 1440 1543 1471 7
1576 1445 1746 1481 tamquam
1777 1445 1894 1471 auctus

227 1491 341 1523 liberis
364 1490 495 1522 Drusus
519 1489 653 1522 domum
676 1489 866 1523 Germanici
890 1491 995 1533 magis
1017 1495 1159 1533 urgeret.
1205 1490 1234 1529 3,
1250 1490 1302 1532 24,
1318 1490 1339 1523 3
1363 1490 1550 1523 inlustrium
1574 1489 1731 1523 domuum
1753 1489 1894 1523 adversa

227 1567 234 1574 .
256 1567 262 1574 .
286 1542 410 1574 solacio
436 1541 560 1573 adfecit
582 1541 624 1573 D.
669 1541 801 1574 Silanus
822 1542 937 1574 Iuniae
958 1542 1102 1574 familiae
1125 1542 1282 1574 redditus.
1330 1542 1379 1583 12,
1399 1543 1451 1584 69,
1474 1542 1514 1574 14
1535 1554 1576 1574 ne
1599 1542 1802 1586 antepositus
1825 1542 1893 1575 filio

229 1595 404 1637 privignus
428 1618 434 1624 .
456 1618 463 1624 .
487 1594 613 1624 animos
646 1593 740 1635 vulgi
777 1594 937 1626 turbaret.
985 1594 1035 1634 13,
1049 1595 1158 1635 40,17
1191 1594 1325 1626 decurio
1357 1595 1505 1636 equitum
1527 1618 1534 1624 .
1558 1618 1565 1625 .
1588 1594 1716 1635 sagittis
1746 1593 1896 1626 confixus

229 1651 358 1678 ceteros
393 1643 436 1677 ad
472 1645 669 1688 obsequium
704 1645 855 1689 exemplo
887 1645 1087 1678 firmaverat.
1111 1664 1155 1668 —
1177 1646 1204 1687 I,
1222 1646 1304 1688 18‚1
1330 1645 1544 1678 observatum
1565 1644 1600 1677 id
1623 1671 1630 1677 .
1650 1670 1657 1676 .
1681 1656 1747 1677 non
1776 1646 1895 1678 terruit

231 1697 384 1730 Galbam.
446 1697 474 1738 1,
493 1696 545 1737 24,
565 1697 581 1728 1
618 1696 701 1729 haec
738 1696 852 1730 audita
878 1723 885 1729 .
913 1723 919 1730 .
950 1697 1122 1730 Tiberium
1159 1697 1337 1741 perpulere
1369 1703 1415 1730 ut.
1439 1723 1446 1729 .
1469 1722 1476 1729 .
1499 1697 1530 1737 4,
1546 1697 1597 1739 52,
1615 1697 1655 1729 14
1677 1696 1790 1730 audita
1812 1697 1895 1731 haec

229 1761 341 1781 raram
378 1749 500 1781 occulti
535 1749 682 1792 pectoris
717 1760 834 1781 vocem
870 1750 1020 1781 elicuere.
1075 1750 1103 1790 1,
1120 1750 1173 1790 52,
1196 1751 1212 1781 l
1247 1750 1400 1781 nuntiata
1436 1760 1474 1781 ea
1504 1749 1675 1781 Tiberium
1707 1749 1834 1782 laetitia
1856 1775 1863 1781 .
1886 1775 1894 1782 .

230 1801 393 1834 adfecere.
438 1801 482 1841 ΙΙ,
497 1801 549 1841 24,
564 1801 585 1832 2
598 1801 764 1843 angebant
777 1800 954 1833 Caecinam
976 1803 1178 1844 nequiquam
1202 1802 1312 1834 omnia
1337 1807 1456 1844 coepta
1479 1807 1511 1833 et
1533 1813 1704 1834 senescens
1728 1803 1895 1834 exereitus

230 1854 281 1886 sui
303 1853 401 1886 fama.
437 1852 501 1893 5‚5
519 1852 710 1886 Mucianum
727 1852 972 1896 magnificentia
988 1859 1020 1886 et
1041 1865 1120 1897 opes
1144 1859 1177 1886 et
1200 1858 1319 1886 cuncta
1334 1853 1501 1897 privatum
1524 1852 1658 1887 modum
1681 1865 1896 1898 supergressa

232 1904 447 1937 extollebant.
491 1903 551 1945 IV,
568 1904 619 1946 68,
637 1905 652 1936 1
679 1910 798 1937 cuncta
819 1905 853 1936 in
876 1904 1021 1937 deterius
1044 1904 1158 1937 audita
1180 1905 1371 1937 Mucianum
1394 1905 1568 1948 angebant.
1612 1905 1642 1946 2,
1657 1905 1709 1946 57,
1727 1906 1743 1938 1
1776 1911 1896 1938 cuncta

231 1956 368 1989 socialia
401 1967 561 1999 prospere
595 1957 778 1999 composita
811 1968 877 1989 non
909 1956 984 1989 ideo
1016 1957 1141 1989 laetum
1175 1956 1410 1989 Germanicum
1441 1956 1607 1990 habebant
1641 1957 1683 1990 ob
1706 1958 1896 2001 superbiam

232 2008 370 2041 Pisonis.
392 2025 436 2030 —
458 2007 490 2040 A
515 2008 565 2045 11,
579 2007 602 2040 4
624 2008 704 2041 torti
728 2033 735 2040 .
758 2033 765 2040 .
790 2009 896 2041 crines
919 2014 951 2041 et
973 2009 1083 2052 posita
1107 2014 1223 2041 contra
1247 2003 1439 2052 Hispania.
1463 2034 1470 2041 .
1493 2008 1593 2041 fidem
1614 2009 1750 2042 faciunt.
1785 2009 1895 2052 25,12

229 2060 407 2091 Britannos
431 2083 436 2090 .
461 2084 468 2091 .
490 2059 604 2091 classis
626 2060 698 2090 visa
714 2059 1010 2103 obstupefaciebat.
1055 2060 1082 2099 Ι,
1098 2060 1150 2101 80,
1167 2060 1186 2091 8
1219 2060 1291 2091 visa
1322 2060 1407 2091 inter
1434 2061 1632 2092 temulentos
1673 2072 1765 2092 arma
1805 2061 1894 2104 cupi-

230 2110 340 2143 dinem
374 2112 424 2143 suj
459 2122 603 2142 movere.
658 2111 702 2152 II,
727 2111 778 2152 66,
801 2112 822 2143 2
860 2112 1004 2154 angebat
1037 2110 1212 2143 Vitellium
1246 2111 1409 2144 victarum
1438 2112 1605 2155 legionum
1636 2111 1896 2156 haudquaquam

231 2162 358 2196 fractus
381 2163 518 2196 animus.
556 2163 608 2205 98,
621 2162 641 2195 9
662 2163 851 2196 Pannoniae
870 2162 975 2207 Alpes
996 2162 1171 2207 praesidiis
1193 2163 1336 2196 insessae
1357 2164 1487 2197 nuntios
1509 2164 1705 2197 retinebant.
1736 2164 1861 2207 III,59,
1877 2165 1893 2198 1

235 2220 400 2247 terrorem
416 2214 535 2247 Italiae
550 2225 703 2258 possessa
717 2214 872 2247 Mevania
893 2215 986 2247 velut
1016 2220 1170 2247 renatum
1195 2225 1237 2246 ex
1263 2215 1390 2258 integro
1419 2216 1544 2248 bellum
1574 2216 1740 2248 intulerat.
1791 2216 1844 2259 32,
1857 2217 1899 2249 10

233 2267 325 2298 auxit
347 2265 507 2298 invidiam
530 2266 655 2298 editum
678 2291 685 2298 .
708 2291 715 2298 .
738 2279 758 2299 a
779 2266 922 2299 Caecina
947 2267 1171 2310 gladiatorum
1198 2268 1423 2310 spectaculum
1450 2293 1457 2300 .
1488 2292 1495 2299 .
1526 2273 1558 2300 et
1587 2268 1731 2312 praebiti
1761 2269 1795 2300 in
1824 2269 1897 2300 acie

234 2316 420 2351 Vitellianis
445 2318 521 2360 cibi,
544 2329 660 2351 caesae
684 2317 846 2361 quaedam
870 2319 1019 2352 feminae.
1064 2319 1095 2361 9,
1109 2319 1153 2351 25
1174 2319 1332 2351 recitatae
1353 2331 1413 2364 pro
1436 2321 1588 2353 contione
1614 2320 1775 2364 epistulae
1805 2319 1896 2353 addi-

235 2367 313 2400 dere
336 2365 500 2402 fidueiam.
544 2369 605 2412 IV,
620 2370 706 2412 32,1
739 2370 845 2402 lectae
868 2395 875 2402 .
899 2395 906 2402 .
932 2370 1093 2414 epistulae
1117 2370 1254 2402 Antonii
1284 2370 1326 2403 ad
1349 2370 1488 2404 Civilem
1519 2372 1722 2416 suspiciones
1753 2372 1897 2404 militum

234 2420 416 2453 irritavere.
459 2422 522 2463 III,
536 2422 622 2463 39,2
652 2433 694 2454 ne
724 2421 827 2455 dilata
854 2422 965 2455 Blaesi
993 2434 1082 2455 mors
1108 2428 1271 2455 maturam
1292 2425 1481 2467 perniciem,
1503 2424 1615 2468 palam
1637 2425 1726 2456 iussa
1749 2430 1897 2456 atrocem

236 2471 395 2506 invidiam
434 2474 545 2507 ferret.
595 2474 647 2517 73,
670 2475 685 2507 1
720 2474 796 2520 plus
835 2476 970 2520 pavoris
1001 2475 1144 2508 obsessis
1167 2500 1173 2507 .
1199 2501 1205 2507 .
1233 2475 1342 2509 intulit
1370 2476 1427 2518 (sc.
1458 2474 1661 2521 Capitolium
1690 2476 1896 2518 crematum).

233 2524 295 2566 IV,
312 2526 362 2565 19,
379 2526 418 2558 12
441 2539 523 2570 quos
546 2528 604 2567 (sc.
625 2528 805 2568 ministros)
830 2528 1005 2571 ambiguus
1026 2528 1226 2560 auxiliorum
1253 2530 1381 2561 animus
1417 2535 1449 2561 et
1472 2554 1479 2561 .
1503 2554 1509 2561 .
1544 2529 1718 2573 suppletae
1749 2529 1898 2571 legiones
