2090 2958
1036 232 1058 266 5

217 332 312 365 locus
337 331 442 374 7,38,5
465 331 598 363 minime
621 330 764 363 salubris
778 329 914 361 militari
931 327 1124 371 disciplinae
1136 326 1253 372 Capua
1267 328 1485 359 instrumento
1502 326 1648 358 omnium
1662 324 1886 368 voluptatium

217 383 379 417 delenitos
394 383 536 416 militum
558 382 684 416 animos
707 381 829 415 avertit
844 392 864 413 a
878 380 1037 413 memoria
1052 380 1190 423 patriae.
1223 379 1318 422 27,1,
1332 379 1373 412 14
1385 377 1618 411 Herdeoneam
1634 402 1641 409 .
1654 402 1662 409 .
1678 375 1885 409 defecturam

218 435 320 467 fuisse
342 460 349 467 .
373 460 380 467 .
404 446 466 467 nec
490 445 679 467 mansuram
701 434 735 465 in
757 432 833 465 fide.
877 432 950 474 39,9
974 431 1056 463 duas
1078 456 1085 463 .
1108 456 1116 463 .
1139 432 1239 464 urbes
1262 456 1269 463 .
1291 456 1299 463 .
1322 431 1364 463 de
1384 431 1524 474 imperio
1548 435 1581 462 et
1602 429 1723 472 opibus
1746 434 1883 461 certare.

217 486 270 529 28,
281 486 334 529 22,
351 485 514 530 2Astapa
530 485 621 527 urbs,
646 483 967 528 Carthaginiensium
992 492 1122 526 semper
1136 483 1251 527 partis.
1294 481 1401 525 28,15
1418 480 1570 514 Africam
1592 480 1724 522 Italiae,
1746 478 1883 512 Cartha—

220 539 331 582 ginem
352 539 428 572 urbi
450 538 620 571 Romanae
641 537 806 580 imperare
828 535 967 568 velletis.
1010 534 1064 575 42,
1078 535 1119 568 16
1139 535 1242 568 talem
1263 533 1451 579 praesidem
1473 534 1536 567 sibi
1557 533 1668 578 patria
1690 537 1790 576 atque
1811 532 1882 565 uni-

216 601 314 622 versa
339 589 439 621 Italia
459 589 590 620 retinet.
612 588 665 627 29,
677 588 707 627 6,
721 588 756 628 13
778 587 838 619 sed
858 586 982 628 27,7,3
1006 585 1246 628 „Hasdrubalis
1269 586 1427 618 transitus
1457 586 1492 617 in
1519 585 1652 617 Italiam
1678 584 1737 615 vix
1758 583 1882 615 Hanni-

216 640 286 683 bali
309 666 315 673 .
338 666 345 673 .
367 637 619 673 subsistentem“
653 643 686 671 et
713 644 829 682 gentes
849 643 883 671 et
912 638 1022 670 omnia
1051 648 1135 681 quae
1157 636 1201 670 ad
1222 636 1446 670 Hannibalem
1476 634 1739 681 impugnandum
1771 634 1885 668 valent

218 692 466 735 intelleguntur.
498 691 550 733 29,
561 690 592 733 3,
604 690 624 722 6
639 690 821 734 Hispaniae
835 689 1028 723 rebellantis
1041 690 1186 722 tumultu
1198 715 1205 722 .
1220 716 1226 722 .
1242 700 1447 733 compresso3
1464 688 1505 721 cf.
1520 689 1573 730 27,
1587 688 1638 730 17,
1649 687 1679 719 2.
1704 687 1757 730 35,
1767 687 1820 729 32,
1834 687 1884 720 14.

219 744 272 786 38,
288 744 340 786 51,
360 743 388 775 3.
433 742 486 784 29,
501 742 532 784 6,
549 742 566 773 1
592 741 705 783 (Locri
729 742 823 784 urbs)
847 741 1015 774 defecerat
1037 766 1044 773 .
1067 766 1074 773 .
1095 740 1138 774 ad
1162 742 1302 774 Poenos.
1347 741 1399 781 37,
1414 740 1521 782 11,15
1544 739 1650 784 Cyme
1673 739 1825 783 aliaeque
1850 765 1852 768 ,
1876 763 1884 770 .

217 796 318 829 urbes
341 795 552 836 defecerunt3
575 794 685 835 (aliter
698 794 844 834 38,28,7
869 805 935 826 una
959 794 1075 826 civitas
1098 819 1105 826 .
1132 819 1140 826 .
1165 793 1297 827 Samaei
1321 793 1556 834 desciverunt).
1600 791 1735 834 35,1,3
1759 790 1884 836 oppida

218 847 262 880 ad
285 858 360 879 eum
382 846 583 878 defecerunt.
618 846 670 887 30,
679 846 735 885 19,
749 847 790 879 10
801 845 989 887 Consentia,
1009 844 1192 888 Aufugum,
1215 871 1222 877 .
1246 871 1253 877 .
1279 844 1466 888 Clampetia
1487 844 1650 887 multique
1665 868 1672 875 .
1688 869 1697 877 .
1719 843 1836 887 populi
1853 869 1860 875 .
1876 868 1884 875 .

218 898 379 931 defecere.
423 897 508 940 32,2
529 897 636 930 Roma
658 909 700 930 an
724 896 890 941 Carthago
925 897 999 929 iura
1032 897 1187 940 gentibus
1222 896 1359 939 darent,
1381 921 1388 928 .
1421 921 1428 928 .
1456 896 1607 929 scituros.
1634 894 1677 928 cf.
1699 895 1752 936 28,
1767 895 1820 937 42,
1835 895 1885 927 18.

218 950 271 993 38,
284 950 336 992 50,
349 950 368 982 7
393 949 475 981 duas
498 974 505 981 .
525 974 533 982 .
554 950 655 982 urbes
676 950 824 993 ingratas
846 974 853 981 .
876 974 884 981 .
904 950 1064 988 inventas,
1088 949 1228 981 Romam
1252 949 1478 992 ingratiorem,
1501 949 1528 980 si
1546 946 1680 991 quidem
1702 948 1793 979 victa
1804 946 1883 979 Car-

218 1001 320 1045 thago
356 1001 483 1034 victum
504 1000 727 1033 Hannibalem
752 1027 759 1034 .
787 1026 794 1033 .
827 1001 1022 1045 expulisset,
1051 1000 1158 1033 Roma
1180 1001 1304 1033 victrix
1326 1001 1488 1033 victorem
1509 998 1706 1032 Africanum
1730 998 1886 1043 expellat.

218 1054 270 1096 35,
285 1055 313 1096 1,
326 1054 347 1087 3
369 1065 430 1086 nec
453 1053 591 1086 dubium
612 1058 670 1096 est,
693 1054 773 1097 quin
796 1054 900 1087 omnis
920 1053 1083 1097 Hispania
1106 1053 1279 1086 sublatura
1300 1054 1427 1086 animos
1450 1052 1568 1094 fuerit;
1599 1051 1710 1092 (aliter
1731 1052 1785 1093 28,
1803 1051 1834 1093 5,
1854 1051 1885 1083 4.
1902 1063 1909 1069 ·

219 1106 271 1146 37,
283 1106 336 1146 48,
348 1106 392 1146 4).
441 1105 518 1143 17,1
541 1105 568 1136 si
590 1104 732 1148 Smyrna
749 1110 782 1137 et
803 1105 1009 1149 Lampsacus
1030 1105 1193 1148 imperata
1217 1105 1354 1146 faciant3
1378 1104 1489 1145 (aliter
1513 1104 1641 1146 37,16,2
1664 1104 1825 1145 civitates,
1847 1128 1854 1135 .
1877 1128 1884 1135 .

219 1157 354 1191 Miletus
369 1183 376 1190 .
393 1184 400 1190 .
416 1156 541 1190 Cnidus
556 1155 655 1200 Cous,
675 1158 840 1202 imperata
853 1182 861 1190 .
877 1183 885 1191 .
900 1156 1073 1198 fecerunt).
1103 1156 1156 1197 36,
1164 1156 1223 1199 3,ss
1235 1155 1331 1190 Ostia
1346 1182 1353 1189 .
1366 1183 1374 1189 .
1386 1162 1420 1190 et
1439 1156 1628 1190 Minturnae
1644 1161 1677 1189 et
1690 1155 1844 1189 Sinuessa
1856 1181 1863 1188 .
1876 1181 1884 1188 .

220 1221 296 1242 cum
319 1215 474 1254 praetore
496 1209 537 1241 de
560 1210 735 1241 vacatione
758 1214 935 1242 certanmt.
968 1209 1051 1251 31,1
1064 1209 1215 1241 Messene
1230 1234 1237 1241 .
1253 1235 1258 1241 .
1274 1210 1316 1242 ab
1328 1208 1482 1251 Achaeis,
1505 1208 1597 1253 quod
1617 1209 1747 1241 concilii
1771 1220 1886 1241 eorum

219 1267 390 1295 recusarat
413 1272 494 1304 esse,
516 1262 702 1305 oppugnari
726 1266 845 1305 coepta
868 1266 926 1293 est.
971 1261 1023 1303 37,
1040 1260 1091 1303 15,
1105 1261 1126 1294 3
1156 1262 1266 1294 omnia
1286 1260 1368 1294 Asia
1389 1261 1589 1306 praebente..
1636 1261 1718 1303 12„1
1742 1260 1886 1304 Abydus

221 1326 296 1346 cum
315 1325 376 1358 per
387 1314 514 1357 aliquot
534 1313 605 1346 dies
620 1312 826 1346 obsidionem
838 1313 1022 1346 tolerasset.
1052 1313 1104 1355 38,
1119 1313 1171 1356 29,
1186 1314 1206 1346 9
1232 1307 1410 1357 „quattuor
1423 1325 1551 1346 menses
1567 1314 1773 1347 obsidionem
1787 1313 1885 1346 Same

220 1364 411 1398 sustinuit“:
436 1376 637 1409 quamquam
659 1365 710 1397 his
731 1364 862 1397 duobus
884 1364 967 1398 locis
984 1376 1051 1398 non
1072 1365 1160 1397 cives
1183 1365 1289 1398 solum
1311 1365 1560 1409 intelleguntur,
1583 1365 1753 1399 sedetiam
1767 1366 1886 1406 omnia,

221 1428 306 1461 quae
319 1416 363 1449 ad
379 1417 584 1450 obsidionem
597 1416 821 1452 sustinendam
843 1416 962 1449 idonea
986 1423 1075 1459 sunt;
1099 1418 1198 1450 etiam
1220 1417 1272 1459 36,
1285 1418 1337 1457 31,
1355 1418 1371 1449 1
1393 1418 1544 1450 notiones
1566 1419 1688 1451 civium
1715 1423 1749 1450 et
1771 1416 1886 1461 oppidi

222 1470 417 1503 coniunctae
428 1475 519 1512 sunt;
534 1469 574 1502 cf.
584 1470 615 1512 7,
623 1469 653 1512 9,
662 1469 682 1502 8
693 1469 800 1502 Roma
811 1465 920 1502 virum
931 1469 1146 1502 fortissimum
1157 1469 1267 1503 habet.
1280 1469 1516 1503 ExKiihnastii
1527 1469 1614 1504 libro
1626 1471 1684 1514 qui
1695 1470 1887 1503 inscribitur

223 1522 308 1563 „Die
329 1522 573 1565 Hauptpunkte
594 1521 654 1553 der
675 1521 749 1553 Liv.
771 1520 919 1563 Syntax“
943 1533 998 1565 pg.
1020 1522 1084 1554 293
1107 1521 1193 1554 addo
1216 1522 1268 1564 25,
1279 1523 1332 1561 36,
1344 1522 1384 1553 16
1400 1522 1583 1565 Hispaniae
1605 1524 1696 1566 ipsos
1717 1523 1885 1564 lugebant.

221 1572 287 1606 Sed
320 1585 439 1618 parum
467 1579 558 1606 recte
585 1572 675 1606 idem
695 1571 855 1605 iudicavit
877 1572 919 1605 de
941 1573 995 1616 45,
1009 1573 1061 1616 22,
1074 1574 1094 1606 6
1119 1573 1290 1616 „Messana
1313 1599 1320 1606 .
1343 1599 1351 1606 .
1375 1579 1569 1617 oppugnata
1589 1572 1886 1617 Carthaginienses,

219 1624 372 1657 Athenae
395 1631 607 1669 oppugnatae
630 1630 663 1657 et
686 1624 829 1657 Graecia
861 1626 895 1657 in
925 1626 1119 1658 servitutem
1144 1627 1248 1669 petita
1270 1650 1277 1657 .
1301 1651 1309 1657 .
1331 1626 1524 1669 Philippum
1545 1626 1674 1658 hostem
1703 1625 1885 1658 fecerunt“.

221 1676 274 1709 Ibi
296 1677 382 1709 enim
402 1678 453 1709 vis
475 1678 584 1720 posita
607 1682 657 1708 est
678 1687 744 1709 non
766 1677 800 1708 in
822 1677 1010 1709 nominibus
1032 1678 1165 1711 urbium
1188 1683 1221 1710 et
1242 1683 1361 1719 terrae,
1384 1677 1442 1709 sed
1464 1678 1498 1709 in
1520 1678 1720 1721 participiis:
1742 1678 1888 1722 pertinet

220 1728 323 1771 igitur
344 1728 397 1761 hic
419 1728 512 1761 locus
534 1728 577 1761 ad
600 1740 639 1760 ea
663 1728 825 1772 exempla,
848 1727 889 1760 de
913 1729 1033 1772 quibus
1052 1729 1139 1762 infra
1161 1729 1277 1762 dicam.
1292 1728 1450 1774 —Apud
1461 1728 1647 1771 Tacitum¹)
1670 1729 1734 1762 hoc
1756 1727 1887 1762 dicendi

223 1791 328 1823 genus
350 1780 509 1812 latissime
524 1785 618 1824 patet
640 1785 673 1812 et
688 1785 828 1823 excepto
851 1779 995 1823 dialogo,
1018 1781 1052 1813 in
1067 1793 1133 1825 quo
1151 1782 1221 1814 eius
1236 1780 1431 1814 admittendi
1446 1793 1513 1814 non
1527 1781 1660 1815 videtur
1682 1781 1795 1815 oblata
1818 1792 1890 1813 esse

223 1833 369 1874 occasio,
401 1833 584 1877 aequaliter
619 1844 681 1877 per
715 1843 828 1866 omnes
861 1831 965 1865 libros
999 1834 1174 1867 invenitur.
1218 1833 1251 1866 A
1274 1834 1337 1877 8,2
1370 1834 1577 1877 Britannia2)
1608 1834 1816 1867 consularem
1847 1859 1854 1865 .
1878 1859 1887 1868 .

223 1884 386 1918 Cerialem
394 1887 531 1930 accepit.
553 1886 634 1928 31,8
645 1886 816 1919 Britannia
829 1886 1023 1918 servitutem
1034 1898 1128 1920 suam
1140 1886 1288 1930 quotidie
1302 1888 1391 1929 emit,
1402 1887 1550 1931 quotidie
1560 1888 1677 1931 pascit.
1696 1887 1747 1927 15,
1757 1887 1796 1920 13
1805 1886 1887 1920 Ger-

222 1938 349 1970 manias
383 1938 565 1970 excussisse
602 1938 726 1980 iugum.
787 1936 847 1979 IV,
867 1938 918 1979 17,
940 1938 963 1969 4
992 1937 1192 1971 Germaniae
1220 1940 1338 1971 misere
1374 1939 1503 1982 legatos
1532 1939 1657 1971 auxilia
1703 1939 1889 1971 offerentes.

222 1990 330 2033 21,12
344 1990 452 2023 excita
473 1991 595 2023 nuntiis
617 1989 796 2024 Germania
820 1988 863 2022 ad
884 1989 1043 2034 praedam
1065 1990 1262 2035 famamque.
1296 1991 1349 2032 28,
1362 1991 1379 2023 1
1397 1989 1538 2023 Civilem
1557 1991 1714 2025 inmensis
1735 1990 1889 2024 auctibus

223 2043 378 2075 universa
390 2042 569 2076 Germania
580 2042 771 2076 extollebat.
785 2041 874 2084 G37,
884 2042 924 2075 15
935 2042 1016 2086 quid
1029 2042 1120 2075 aliud
1131 2044 1228 2076 nobis
1239 2067 1249 2077 .
1262 2067 1269 2074 .
1283 2042 1402 2076 Oriens
1415 2044 1599 2076 obiecerit?
1614 2043 1886 2087 11‚6,4(bellum)

223 2094 324 2137 longa
349 2094 526 2127 eoncordia
550 2095 681 2138 quietus
693 2094 812 2126 Oriens
836 2119 844 2126 .
867 2119 874 2126 .
897 2095 1048 2138 parabat.
1068 2095 1173 2127 Paulo
1196 2095 1292 2127 aliter
1313 2094 1346 2127 A
1361 2095 1465 2137 3o,19
1489 2107 1573 2139 quos
1594 2107 1661 2128 non
1676 2095 1805 2136 Oriens,
1821 2106 1888 2127 non

226 2145 391 2180 Occidens
426 2147 605 2180 satiaverit.
660 2145 720 2189 IV,
737 2147 787 2189 17,
802 2146 845 2180 20
872 2148 1035 2181 servirent
1066 2146 1163 2181 Suria
1197 2146 1345 2192 Asiaque
1380 2152 1413 2180 et
1450 2153 1564 2181 suetus
1599 2148 1736 2192 regibus
1759 2146 1888 2180 Oriens.

224 2198 257 2232 A
279 2200 332 2242 31,
347 2199 387 2232 21
413 2199 634 2241 ostendamus,
656 2211 740 2243 quos
771 2200 835 2233 sibi
857 2198 1038 2233 Caledonia
1059 2201 1149 2234 viros
1171 2201 1365 2244 seposuerit.
1396 2200 1498 2243 I,2‚5
1519 2201 1692 2236 turbatum
1705 2200 1888 2244 Illyricum,

225 2250 358 2284 Galliae
386 2256 559 2293 nutantes,
585 2250 773 2295 perdomita
801 2251 983 2284 Britannia.
1028 2252 1101 2294 61,3
1123 2252 1250 2285 Fabius
1271 2251 1396 2284 Valens
1418 2252 1562 2294 allicere,
1576 2252 1632 2285 vel
1655 2254 1682 2285 si
1705 2253 1889 2286 abnuerent

225 2309 359 2336 vastare
391 2303 446 2344 (cf.
468 2303 757 2347 Nipp.-Andresen
779 2302 823 2336 ad
846 2304 897 2346 14,
907 2303 959 2346 23,
974 2304 1027 2346 13)
1041 2304 1169 2337 Gallias
1191 2305 1308 2337 iussus.
1353 2304 1436 2347 62,2
1458 2303 1538 2337 dum
1559 2304 1691 2338 Galliae
1712 2303 1889 2349 trepident,

227 2354 306 2388 dum
331 2355 513 2400 Hispaniae
537 2360 740 2389 cunctentur.
785 2355 927 2399 11,32,5
949 2357 1105 2400 quoniam
1126 2356 1257 2390 Galliae
1290 2362 1449 2389 tumeant.
1492 2356 1555 2399 III,
1568 2357 1622 2399 44,
1635 2357 1659 2389 4
1675 2368 1737 2390 nec
1759 2356 1890 2390 Galliae

384 2485 407 2521 ¹)
425 2484 599 2513 Monendum
615 2484 732 2512 videtur
750 2493 892 2520 nusquam
909 2493 975 2513 eum
984 2485 1085 2513 urbem
1094 2485 1214 2513 Romam
1227 2485 1334 2512 dixisse
1343 2494 1396 2521 pro
1409 2485 1546 2513 Romanis
1568 2486 1614 2513 vel
1633 2486 1741 2522 populo
1751 2486 1890 2513 Romano.

382 2531 406 2565 ²)
425 2528 520 2556 Aliter
539 2528 618 2561 A12,
632 2529 674 2556 18.
692 2529 735 2562 24,
748 2530 773 2557 5.
794 2545 829 2549 —
850 2528 896 2557 De
914 2530 973 2556 situ
990 2529 1119 2557 locorum
1137 2530 1174 2558 ef.
1193 2530 1220 2557 A
1238 2530 1282 2563 24,
1294 2530 1320 2556 3.
1339 2529 1367 2557 G
1385 2530 1409 2563 5,
1422 2530 1448 2557 3.
1466 2530 1492 2564 4,
1507 2530 1549 2564 67,
1564 2530 1605 2557 12.
1625 2530 1666 2563 12,
1676 2530 1718 2563 32,
1728 2531 1754 2558 5.
1774 2530 1816 2563 14,
1826 2530 1850 2562 9,
1864 2530 1889 2557 7.
