2090 2958
1027 212 1068 245 13

214 308 249 342 id
280 335 288 342 .
316 334 324 341 .
353 308 503 342 dolorem
537 309 624 342 tulit.
668 309 699 346 3,
722 309 776 350 52,
804 309 845 341 14
873 307 963 352 quod
990 334 998 341 .
1028 334 1036 341 .
1065 313 1231 341 retentum
1261 332 1269 339 .
1298 331 1306 339 .
1333 306 1503 339 infamiam
1524 307 1673 339 virorum
1694 307 1883 340 inlustrium

212 367 375 405 posceret.
420 361 472 404 66,
488 361 528 394 16
553 360 643 405 quod
664 360 787 394 multos
809 361 909 393 etiam
929 361 1037 394 bonos
1058 370 1192 403 pessum
1214 358 1314 391 dedit.
1359 359 1410 398 12,
1425 358 1478 400 66,
1491 358 1511 391 8
1533 359 1734 402 exquisitum
1756 359 1883 404 aliquid

212 413 378 457 placebat,
402 413 493 458 quod
514 414 666 447 turbaret
687 418 832 446 mentem
854 418 887 445 et
901 418 1043 445 mortem
1058 411 1215 444 differret.
1252 411 1303 453 13,
1314 411 1367 453 41,
1383 411 1404 443 8
1427 421 1463 443 se
1475 436 1483 443 .
1494 435 1502 443 .
1514 409 1672 444 Romanis
1691 412 1882 455 permisere,

213 464 304 508 quod
327 465 468 498 salutem
489 466 570 509 ipsis
581 465 667 498 tulit.
703 465 753 506 14,
767 464 820 507 20,
838 464 879 496 12
903 463 1014 508 „quod
1031 475 1172 507 usquam
1195 464 1363 507 corrumpi
1386 468 1420 495 et
1442 460 1656 506 corrumpere
1678 462 1798 507 queat“
1821 464 1881 497 ubi

213 515 309 548 aliter
330 516 395 549 dici
417 528 484 550 non
505 517 624 561 potuit.
667 516 731 558 III,
743 516 774 553 9,
788 515 827 548 19
850 515 930 548 nihil
945 541 951 548 .
968 541 976 548 .
987 514 1079 558 quod
1091 540 1099 548 .
1112 540 1119 548 .
1135 520 1363 559 corrumperet
1380 514 1517 547 hostem.
1550 514 1687 547 Passive
1701 515 1752 556 13,
1763 515 1816 557 55,
1829 515 1880 548 15.

212 567 310 610 -Π,
323 568 374 610 70,
385 569 405 601 9
422 579 508 612 quae
522 568 704 612 perniciem
724 568 805 611 ipsis
822 567 941 600 fecere.
964 567 1028 607 111,
1038 567 1089 610 79,
1100 568 1120 600 8
1133 578 1219 611 quae
1235 592 1242 599 .
1255 592 1263 599 .
1278 572 1404 599 metum
1417 566 1574 599 fecerant.
1596 565 1639 608 V,
1646 566 1721 609 19,9
1734 566 1880 600 disiectis

213 630 298 663 quae
309 621 533 653 morabantur.
555 620 586 663 2,
598 619 653 662 75,
665 619 687 652 2
700 620 845 652 omnium
858 630 944 663 quae
958 618 1118 652 ultionem
1130 623 1338 652 morarentur
1349 618 1539 651 intolerans.
1561 618 1593 665 3,
1599 618 1652 660 33,
1660 618 1681 651 8
1692 619 1798 651 inesse
1809 630 1880 652 mu-

212 670 330 703 lierum
343 672 514 704 comitatui
527 683 613 715 quae
625 682 743 715 pacem
755 696 762 703 .
774 696 782 703 .
794 677 964 703 morentur
981 676 1014 703 et
1024 671 1209 703 Romanum
1223 682 1343 714 agmen
1351 670 1394 703 ad
1413 670 1662 703 similitudinem
1676 670 1813 703 barbari
1831 672 1877 703 in-

213 734 324 756 cessus
340 729 543 757 convertant.
559 724 591 766 2,
598 723 818 767 27,3reperta
826 728 903 755 sunt
911 733 996 767 quae
1006 734 1077 755 rem
1084 722 1253 767 publicam
1266 721 1416 755 exedere.
1429 722 1460 764 3,
1468 722 1521 765 34,
1529 722 1548 755 7
1561 733 1671 766 pauca
1682 721 1879 755 feminarum

212 776 464 809 necessitatibus
492 775 646 818 concedi,
676 787 762 820 quae
791 786 832 808 ne
858 776 1037 819 coniugum
1062 774 1197 819 quidem
1226 781 1379 819 penates,
1406 774 1490 808 adeo
1517 776 1626 808 socios
1644 786 1712 807 non
1734 780 1879 808 onerent.

213 827 264 871 71,
288 828 330 860 14
364 839 450 872 quae
483 828 634 872 principe
665 827 819 872 Augusto
854 828 1033 860 constituta
1069 828 1148 860 satis
1184 827 1405 860 ostendebant
1442 838 1586 860 annuam
1621 827 1806 860 absentiam
1835 852 1842 859 .
1870 852 1878 859 .

211 880 367 914 Dialibus
397 891 463 913 non
486 879 632 913 concedi.
675 880 771 922 4,33,
786 880 826 913 12
848 879 956 921 (haec)
981 880 1153 912 minimum
1172 879 1406 912 oblectationis
1427 878 1591 912 adferunt.
1620 879 1715 922 6,30‚
1732 879 1772 912 19
1787 878 1880 920 haec,

211 933 295 965 mira
326 944 541 976 quamquam,
569 931 669 964 fidem
697 944 739 965 ex
766 943 805 965 eo
834 931 1027 974 trahebant,
1057 931 1155 976 quod.
1178 957 1186 964 .
1209 957 1217 964 .
1243 931 1293 973 14,
1312 931 1365 973 54,
1380 931 1401 964 3
1423 937 1535 965 cetera
1564 931 1724 965 invidiam
1748 937 1878 975 augent.

211 984 264 1026 59,
286 985 302 1016 1
334 984 490 1017 Plautum
518 995 557 1016 ea
583 995 649 1016 non
676 995 819 1016 movere.
865 984 916 1026 15,
934 984 988 1025 43,
1010 984 1048 1016 17
1078 995 1116 1016 ea
1139 995 1181 1016 ex
1208 983 1353 1016 utilitate
1376 989 1515 1027 accepta
1537 983 1692 1016 decorem
1711 1008 1718 1015 .
1741 1008 1749 1016 .
1771 994 1878 1016 novae

211 1036 286 1068 urbi
311 1035 589 1077 attulere—HI,
603 1036 656 1078 41,
669 1036 709 1069 13
731 1036 856 1080 paucis,
878 1047 962 1080 quos
984 1035 1125 1068 adversa
1145 1046 1213 1067 non
1234 1040 1455 1078 mutaverant,
1476 1035 1720 1068 comitantibus.
1754 1034 1782 1077 Ι,
1792 1035 1878 1077 21,2

212 1087 377 1120 Othonem
400 1113 407 1120 .
431 1113 438 1120 .
461 1088 566 1120 multa
581 1113 589 1120 .
604 1113 611 1120 .
626 1088 893 1130 exstimulabant,
916 1088 1049 1120 luxuria
1072 1113 1080 1120 .
1103 1112 1125 1130 .,
1146 1088 1260 1131 inopia
1274 1112 1281 1119 .
1298 1112 1324 1129 .,
1346 1113 1354 1119 .
1370 1113 1377 1119 .
1392 1088 1459 1129 ira,
1482 1113 1489 1120 .
1513 1113 1521 1120 .
1543 1086 1676 1128 invidia.
1719 1086 1780 1129 IV,
1792 1087 1844 1129 26,
1858 1087 1874 1119 1

212 1138 363 1172 dicordes
386 1140 512 1172 animos
533 1139 638 1172 multa
662 1139 855 1182 efferabant,
877 1140 990 1183 inopia
1010 1164 1018 1171 .
1040 1164 1047 1171 .
1066 1145 1099 1171 et
1123 1164 1130 1171 .
1154 1164 1162 1171 .
1184 1138 1342 1171 dilectum
1353 1138 1484 1172 Galliae
1501 1144 1725 1183 aspernantes.
1753 1140 1782 1180 1,
1792 1139 1877 1181 47,3

211 1191 315 1224 multa
338 1197 371 1225 et
394 1191 525 1225 diversa
547 1192 722 1235 angebant.
757 1191 808 1234 12,
818 1191 870 1234 33,
883 1191 905 1224 2
929 1202 1029 1236 quem
1052 1191 1157 1224 multa
1180 1191 1345 1235 ambigua,
1368 1191 1473 1224 multa
1494 1202 1658 1236 prospera
1681 1191 1876 1224 extulerant.

214 1243 264 1285 13,
281 1243 331 1285 15,
344 1244 361 1276 7
389 1245 507 1276 ceteris
530 1243 661 1276 diversa
680 1255 741 1276 nec
763 1244 920 1276 ruborem
943 1243 1096 1276 adlatura
1118 1244 1175 1284 (sc.
1201 1245 1295 1275 iussit
1318 1243 1433 1285 Nero).
1454 1262 1498 1266 —
1519 1243 1553 1276 D
1572 1244 1680 1285 36,14
1694 1244 1877 1284 (contiones

213 1320 220 1327 .
241 1320 248 1327 .
272 1296 499 1328 accusationes
523 1321 530 1328 .
553 1321 561 1328 .
584 1295 755 1338 factiones,
779 1296 972 1337 certamina)
999 1306 1085 1339 quae
1112 1295 1242 1339 singula
1270 1296 1331 1327 etsi
1354 1294 1583 1328 distrahebant
1605 1306 1678 1327 rem
1698 1295 1877 1339 publicam,

213 1348 414 1380 exercebant
435 1353 547 1380 tamen
580 1373 587 1380 .
613 1374 619 1380 .
649 1348 871 1392 eloquentiam
899 1354 932 1381 et
958 1349 1087 1392 magnis
1110 1348 1280 1381 cumulare
1301 1349 1458 1392 praemiis
1478 1347 1689 1381 videbantur.
1732 1347 1765 1380 A
1787 1347 1818 1390 5,
1835 1348 1874 1380 11

212 1410 298 1442 quae
321 1405 440 1432 cuncta
463 1400 524 1432 etsi
548 1400 692 1433 consiliis
715 1425 722 1433 .
743 1425 751 1432 .
776 1400 911 1433 alterius
938 1400 1138 1443 agebantur,
1165 1406 1271 1433 artem
1300 1406 1332 1432 et
1359 1411 1457 1432 usum
1479 1405 1513 1432 et
1535 1399 1686 1432 stimulos
1719 1399 1877 1432 addidere

210 1451 330 1484 iuveni.
366 1451 416 1494 15,
428 1452 479 1494 71,
496 1452 535 1485 17
548 1451 692 1496 Egnatia
706 1452 900 1492 Maximilla,
917 1449 1045 1496 magn'is
1069 1453 1213 1498 primum
1237 1457 1270 1485 et
1291 1452 1429 1496 integris
1449 1452 1579 1496 opibus,
1601 1463 1681 1485 mox
1704 1451 1877 1496 ademptis,

212 1514 298 1546 quae
334 1509 476 1547 utraque
511 1504 652 1547 gloriam
683 1505 754 1537 eius
787 1515 919 1537 auxere.
940 1522 985 1527 —-
1011 1505 1052 1536 In
1076 1505 1170 1537 initio
1200 1506 1360 1537 enuntiati
1383 1504 1463 1545 (non
1488 1515 1671 1548 numquam
1696 1505 1877 1548 praemissa

209 1555 375 1599 particula
388 1555 501 1599 „sed“)
514 1568 580 1589 non
591 1568 667 1589 raro
683 1556 806 1600 legitur
830 1556 930 1600 „nihil
953 1556 1077 1600 aeque“
1103 1568 1178 1589 cum
1199 1557 1311 1589 verbis
1334 1555 1454 1600 agendi
1475 1557 1705 1598 coniunctum3
1728 1556 1876 1600 sequitur

210 1608 244 1639 in
267 1609 436 1641 enuntiato
460 1610 686 1653 comparativo
710 1610 955 1642 substantivum
978 1615 1034 1642 aut
1060 1610 1265 1642 enuntiatum
1288 1609 1421 1642 causale
1442 1609 1498 1642 vel
1516 1608 1625 1642 finale.
1670 1608 1873 1642 Commemo-

208 1670 299 1691 rasse
315 1660 403 1692 hunc
415 1672 511 1693 usum
534 1662 613 1693 satis
631 1661 751 1693 habeo:
767 1661 920 1704 exempla
941 1672 1008 1693 non
1027 1661 1140 1703 affero,
1163 1672 1238 1693 cum
1262 1662 1372 1694 omnia
1394 1661 1536 1694 collecta
1560 1667 1593 1693 et
1615 1662 1649 1693 in
1662 1661 1811 1693 ordinem
1822 1672 1871 1693 re-

209 1710 308 1744 dacta
319 1712 529 1746 inveniantur
535 1712 696 1746 Lex.Tac.
704 1712 812 1757 pg.55.
820 1712 914 1756 -Π,
922 1712 975 1756 54,
983 1713 1024 1746 10
1034 1712 1227 1746 intendebat
1238 1712 1448 1746 formidinem
1460 1712 1550 1757 quod
1562 1738 1569 1745 .
1582 1738 1589 1745 .
1602 1712 1754 1746 desertae
1764 1718 1876 1757 partes

209 1762 326 1796 forent.
341 1763 383 1806 V,
394 1765 442 1805 10,
453 1765 494 1798 10
506 1766 651 1808 augebat
661 1766 727 1797 iras
738 1764 828 1808 quod
842 1790 851 1798 .
864 1790 871 1797 .
884 1777 951 1797 non
960 1766 1141 1798 cessissent.
1163 1765 1277 1807 6‚4o‚3
1288 1766 1450 1797 exterruit
1457 1765 1547 1809 quod
1556 1790 1563 1797 .
1572 1790 1579 1797 .
1588 1765 1874 1797 venenumhausit.

364 1815 463 1849 Actio
499 1818 657 1851 tribuitur
690 1822 844 1859 naturae,
874 1816 1043 1859 fortunae,
1074 1818 1263 1850 necessitati
1297 1818 1410 1861 eisque
1440 1828 1526 1862 quae
1556 1822 1633 1850 sunt
1667 1817 1719 1849 his
1748 1816 1874 1849 similia]

207 1867 267 1910 IV,
280 1868 332 1910 64,
349 1869 388 1900 19
412 1880 525 1902 omnes
546 1875 653 1903 terras
677 1870 820 1902 fortibus
843 1870 923 1902 viris
943 1875 1064 1902 natura
1086 1871 1227 1913 aperuit.
1266 1870 1295 1912 1,
1307 1870 1358 1912 79,
1371 1870 1409 1902 11
1433 1871 1557 1914 optime
1572 1870 1673 1903 rebus
1686 1869 1875 1902 mortalium

210 1919 412 1952 consuluisse
445 1927 615 1964 naturam,
649 1933 734 1966 quae
769 1933 828 1954 sua
858 1933 917 1954 ora
948 1921 1148 1960 fluminibus,
1184 1933 1262 1955 suos
1296 1934 1413 1955 cursus
1440 1948 1447 1955 .
1468 1948 1475 1954 .
1508 1921 1646 1955 dederit.
1702 1922 1752 1964 15,
1775 1922 1828 1962 42,
1853 1922 1874 1954 6

208 1984 293 2016 quae
329 1978 449 2005 natura
485 1973 729 2017 denegavisset,
771 1985 837 2018 per·
874 1979 980 2007 artem
1013 1979 1186 2018 temptare.
1220 1992 1264 1997 —
1300 1974 1332 2007 Gr
1354 1974 1407 2017 45,
1433 1974 1474 2007 15
1501 1986 1563 2008 nec
1594 2000 1601 2007 .
1633 2000 1641 2007 .
1670 1985 1757 2018 quae
1788 1974 1874 2007 ratio

208 2024 240 2065 (i.
265 2035 291 2057 e.
315 2026 561 2069 naturprocess)
585 2026 701 2069 gignat
725 2026 782 2067 (sc.
806 2027 967 2067 sucinum)
982 2051 989 2058 .
1004 2051 1011 2058 .
1025 2026 1219 2069 quaesitum.
1264 2026 1327 2058 His
1349 2026 1431 2059 locis
1454 2037 1512 2059 eos
1536 2026 1655 2069 adicio,
1676 2027 1734 2059 ubi
1756 2031 1876 2058 natura

207 2076 371 2119 significat
404 2075 549 2109 indolem
582 2078 679 2110 unius
718 2078 878 2121 cuiusque
901 2078 1080 2122 propriam.
1108 2077 1141 2110 D
1167 2078 1217 2120 10,
1243 2078 1280 2110 11
1314 2078 1438 2121 quibus
1468 2084 1589 2111 natura
1611 2090 1671 2111 sua
1694 2078 1875 2111 oratorium

206 2129 374 2172 ingenium
410 2127 595 2172 denegavit.
642 2130 692 2172 10,
713 2130 757 2162 20
788 2135 909 2162 natura
938 2135 972 2162 te
998 2135 1056 2161 tua
1086 2129 1120 2161 in
1150 2130 1258 2174 ipsam
1280 2140 1392 2162 arcem
1415 2130 1625 2174 eloquentiae
1648 2130 1721 2163 fert.
1765 2131 1817 2173 28,
1831 2131 1873 2163 27

206 2186 243 2213 ut
262 2206 270 2213 .
293 2206 300 2213 .
322 2181 419 2213 unius
442 2181 600 2224 cuiusque
620 2187 740 2214 natura
763 2187 834 2215 toto
859 2183 971 2215 statim
990 2186 1126 2225 pectore
1149 2183 1313 2226 arriperet
1336 2188 1425 2215 artes
1446 2182 1610 2215 honestas.
1644 2183 1751 2226 31,20
1773 2188 1875 2226 prout

207 2233 366 2277 cuiusque
391 2238 510 2265 natura
538 2233 730 2276 postulabit.
773 2232 830 2266 Ad
859 2244 913 2266 res
938 2232 1137 2266 transfertur
1161 2233 1191 2275 6,
1210 2233 1264 2275 37,
1281 2235 1319 2266 11
1340 2235 1418 2277 quia
1442 2259 1449 2266 .
1472 2260 1479 2266 .
1502 2235 1674 2267 fluminum
1695 2260 1702 2266 .
1726 2260 1733 2266 .
1755 2240 1876 2267 natura

205 2375 245 2398 ut.
265 2392 271 2399 .
291 2392 298 2398 .
318 2371 424 2408 (Aliter
441 2372 546 2405 8,21,8
563 2371 701 2409 Weissb.)
737 2371 779 2405 30,
793 2371 834 2405 13,
847 2372 864 2399 9
883 2371 984 2400 eadem
1007 2371 1080 2399 haec
1098 2371 1227 2407 Syphaci
1254 2372 1379 2400 animum
1404 2372 1553 2400 dederunt.
1589 2373 1633 2406 34,
1646 2373 1665 2400 4
1686 2372 1762 2409 quod
1781 2372 1876 2408 ipsum

204 2416 261 2443 vim
286 2425 420 2453 magnam
446 2416 484 2444 ad
509 2416 672 2452 pellendum
699 2416 811 2444 hostem
833 2416 968 2445 addebat.
1004 2416 1046 2450 37,
1067 2416 1107 2450 17,
1134 2416 1169 2443 10
1192 2425 1307 2445 movere
1325 2425 1359 2445 ea
1378 2416 1539 2445 Aemilium.
1574 2417 1617 2450 36,
1631 2417 1657 2445 9.
1681 2417 1723 2451 60,
1736 2416 1762 2444 4.
1791 2417 1835 2450 54,
1848 2418 1874 2445 5.

203 2460 245 2493 38,
261 2460 304 2494 43,
324 2461 349 2487 6.
381 2461 423 2494 27,
442 2461 485 2494 36,
501 2461 527 2488 4.
570 2461 656 2488 Addo
681 2461 760 2488 locos
778 2460 907 2488 Taciteis
931 2461 968 2488 de
986 2460 1092 2497 quibus
1111 2469 1199 2496 supra
1218 2461 1278 2488 dixi
1296 2461 1404 2489 similes
1421 2461 1463 2495 38,
1476 2461 1519 2495 33,
1530 2462 1548 2489 5
1565 2461 1637 2489 nihil
1655 2470 1747 2497 aeque
1769 2461 1875 2489 aliena—

204 2507 302 2531 turum
320 2505 430 2532 animos
450 2505 578 2532 civitatis
596 2504 757 2532 videbatur.
793 2504 835 2538 28,
845 2504 887 2539 26,
905 2505 940 2532 14
961 2504 1033 2532 nihil
1055 2512 1146 2540 aeque
1166 2513 1215 2532 eos
1234 2505 1339 2533 terruit
1359 2514 1445 2542 quam
1465 2526 1471 2532 .
1491 2526 1497 2532 .
1517 2505 1596 2533 colos
1614 2506 1805 2541 imperatoris.
