2090 2958
1047 222 1088 254 21

231 318 391 350 laverant.
435 318 593 352 Notabile
614 318 808 350 variationis
831 318 1020 361 exemplum
1042 318 1165 360 legitur
1188 318 1217 359 1,
1231 318 1283 358 10,
1297 318 1316 349 7
1340 318 1410 349 sive
1431 316 1535 349 hostis
1560 316 1637 349 illos
1671 317 1729 357 (sc.
1751 317 1901 350 Hirtium

232 374 266 402 et
287 369 453 413 Pansam),
475 381 534 402 seu
555 370 698 402 Pansam
720 379 885 401 venenum
907 393 914 400 .
939 393 966 412 .,
985 369 1035 401 sui
1059 368 1180 401 milites
1202 368 1349 400 Hirtium
1371 373 1404 399 et
1426 392 1434 399 .
1453 392 1460 399 .
1484 366 1608 399 Caesar
1631 367 1824 401 abstulerat.

386 422 541 456 Alterum
561 422 754 455 variationis
775 433 882 465 genus
901 421 964 455 hoc
989 426 1047 455 est.
1093 420 1171 454 Duo
1194 420 1364 454 enuntiata
1396 419 1460 453 sibi
1487 417 1691 465 respondent
1716 419 1771 454 vel
1794 431 1897 466 oppo-

230 479 353 506 nuntur
374 476 431 517 ita,
453 480 490 506 ut
512 480 691 516 utrumque
701 473 824 505 habeat
846 484 943 505 suum
965 473 1211 516 praedicatum3
1234 472 1279 513 id,
1301 472 1392 515 quod
1414 483 1516 514 agens
1537 472 1716 514 inducitur,
1736 474 1771 505 in
1786 474 1900 516 priore

230 525 284 560 vel
307 526 340 560 in
367 526 552 572 posteriore
584 525 753 559 enuntiato
783 525 929 570 positum
952 529 1010 558 est.
1044 524 1072 568 Ι,
1085 523 1192 569 25,11
1217 535 1394 569 suspensos
1417 549 1424 557 .
1446 549 1454 557 .
1475 522 1615 557 diversis
1639 523 1766 557 artibus
1785 525 1897 558 stimu—

230 578 308 610 lant.
331 603 338 610 .
362 603 368 610 .
399 584 493 611 erant
514 589 598 620 quos
626 578 786 609 memoria
811 577 954 610 Neronis
981 589 1021 610 ac
1050 577 1249 610 desiderium
1276 578 1397 620 prioris
1431 577 1586 610 licentiae
1621 577 1830 611 accenderet:
1863 579 1898 611 in

231 638 403 661 commune
427 639 540 661 omnes
560 633 652 660 metu
675 652 682 659 .
706 652 714 659 .
736 628 957 660 terrebantur.
1002 628 1088 669 74,2
1110 628 1247 660 crebrae
1268 652 1276 659 .
1298 652 1305 658 .
1330 627 1492 671 epistulae
1514 627 1701 659 offerebant
1722 630 1896 671 pecuniam

231 687 263 714 et
277 683 419 725 gratiam
443 708 450 715 .
475 708 482 714 .
506 707 513 714 .
533 681 630 725 paria
643 679 800 714 Vitellius
823 681 1021 715 ostentabat.
1065 679 1109 722 II,
1122 680 1173 721 77,
1191 679 1231 714 13
1251 679 1312 714 hos
1333 680 1393 723 ira,
1413 678 1535 723 odium,
1568 678 1704 714 ultionis
1734 679 1898 726 cupiditas

230 732 273 764 ad
295 733 453 764 virtutem
473 731 640 764 accendit:
663 732 711 763 illi
734 742 795 775 per
817 732 987 763 fastidium
1002 756 1010 763 .
1026 757 1033 763 .
1048 732 1239 763 hebescunt.
1271 733 1343 773 100,
1359 733 1399 763 19
1421 743 1483 763 nec
1498 733 1575 763 sciri
1590 738 1703 774 potest
1716 734 1898 764 traxeritne

231 785 287 828 (sc.
321 785 460 828 Bassus)
498 782 685 828 Caecinam,
719 795 762 818 an
786 810 793 818 .
821 810 828 818 .
861 782 977 818 eadem
1007 782 1082 818 illos
1111 783 1260 830 pravitas
1279 782 1445 829 inpulerit.
1489 782 1551 827 III,
1566 782 1619 826 27,
1633 782 1655 816 4
1678 787 1716 816 ut
1737 781 1898 817 discretus

233 838 330 869 labor
354 839 457 869 fortes
478 839 683 879 ignavosque
707 837 924 878 distingueret
946 843 1046 879 atque
1067 838 1141 879 ipsa
1162 838 1372 869 contentione
1404 837 1534 869 decoris
1561 837 1821 869 accenderentur
1839 839 1897 878 (sc.

231 888 402 933 legiones).
449 888 502 932 27,
520 887 540 922 8
563 887 753 922 dexteriora
774 887 854 921 valli
877 892 997 921 octava
1027 913 1034 920 .
1066 913 1073 920 .
1097 885 1281 920 Claudiana
1311 887 1369 929 (sc.
1398 887 1569 933 sumpsit);
1598 887 1898 921 tertiadecumanos

230 941 273 974 ad
297 942 490 974 Brixianam
511 947 643 984 portam
664 942 808 984 impetus
831 941 916 973 tulit.
961 941 1047 983 68,5
1070 941 1244 984 repentina
1264 941 1315 973 vis
1338 940 1535 973 dictatorem
1557 939 1734 973 Caesarem
1764 952 1896 985 oppres—

234 997 324 1024 serat
346 1017 353 1024 .
377 1003 402 1033 .;
424 992 501 1024 Piso
526 997 559 1024 et
582 991 693 1024 Galba
714 997 884 1035 tamquam
906 992 941 1023 in
964 993 1035 1024 acie
1058 991 1216 1024 cecidere.
1260 991 1320 1030 IV,
1336 992 1387 1034 65,
1404 992 1425 1023 9
1447 993 1474 1023 si
1499 993 1555 1035 qui
1577 993 1612 1023 in
1632 992 1754 1023 finibus
1779 994 1899 1024 nostris

233 1044 373 1087 fuerant,
398 1056 454 1077 eos
474 1043 600 1077 bellum
624 1044 808 1088 absumpsit
827 1043 881 1076 vel
904 1044 938 1076 in
959 1055 1035 1077 suas
1058 1044 1198 1088 quisque
1221 1042 1316 1076 sedes
1349 1043 1554 1087 refugerunt.
1610 1042 1653 1085 V,
1671 1043 1724 1086 21,
1743 1043 1763 1076 9
1784 1042 1899 1077 Civilis

230 1120 237 1127 .
260 1120 267 1127 .
289 1097 488 1136 tranatavit3
513 1120 520 1127 .
543 1108 564 1127 .:
584 1095 744 1127 Tutorem
759 1095 1009 1138 Classicumque
1030 1096 1146 1127 lintres
1167 1101 1391 1127 transvexere.
1430 1096 1527 1137 2,17,
1544 1096 1583 1127 17
1606 1096 1713 1127 virtus
1729 1107 1787 1127 seu
1806 1096 1897 1128 fraus

230 1146 345 1180 eadem
367 1147 579 1191 Inguiomero
603 1147 761 1191 effugium
784 1146 889 1180 dedit:
925 1147 1026 1180 ceteri
1060 1147 1183 1192 passim
1220 1145 1387 1179 trucidati.
1430 1146 1484 1189 43,
1507 1147 1551 1179 24
1572 1146 1728 1179 Tiberius
1750 1146 1897 1180 Drusum

229 1200 383 1232 fovebat:
405 1200 604 1233 Germanico
623 1200 778 1232 alienatio
800 1200 911 1243 patrui
936 1211 1082 1232 amorem
1100 1198 1190 1243 apud
1213 1204 1341 1231 ceteros
1364 1205 1513 1241 auxerat,
1535 1205 1568 1232 et
1593 1200 1672 1243 quia
1702 1199 1897 1232 claritudine

229 1251 369 1284 materni
392 1253 522 1295 generis
546 1252 703 1285 anteibat.
737 1251 767 1294 6,
782 1251 834 1294 33,
850 1250 891 1283 13
915 1262 990 1283 cum
1012 1251 1095 1284 alios
1115 1251 1262 1283 incessus
1284 1250 1387 1283 hostis
1409 1250 1591 1294 clausisset,
1609 1262 1713 1283 unum
1733 1251 1897 1296 reliquum

230 1308 338 1336 aestas
361 1304 545 1348 impediret.
590 1304 700 1346 35,16
722 1303 811 1336 fama
836 1328 843 1335 .
867 1328 874 1335 .
899 1304 999 1336 occisi
1031 1303 1115 1336 falso
1145 1302 1271 1335 credita
1301 1304 1462 1335 exterruit
1483 1303 1626 1336 Parthos
1656 1304 1895 1348 victoriamque

230 1367 422 1389 concessere
446 1356 503 1397 (sc.
527 1356 666 1398 Parthi).
712 1356 761 1398 14,
775 1355 828 1398 45,
843 1356 864 1388 2
889 1356 1070 1389 sententiae
1093 1355 1198 1389 Cassii
1222 1360 1260 1388 ut
1281 1366 1377 1388 nemo
1400 1366 1485 1389 unus
1507 1361 1623 1389 contra
1645 1356 1695 1389 ire
1717 1367 1815 1389 ausus
1838 1362 1897 1399 est,

228 1409 275 1440 ita
299 1408 451 1440 dissonae
471 1420 571 1441 voces
590 1408 837 1452 respondebant
860 1433 867 1440 .
889 1433 897 1440 .
920 1408 1139 1452 plurimorum
1161 1433 1169 1439 .
1193 1433 1200 1440 .
1222 1409 1445 1440 innocentiam
1466 1409 1702 1441 miserantium.
1748 1409 1798 1451 16,
1810 1409 1862 1451 32,
1875 1410 1893 1442 7

230 1464 390 1502 quantum
422 1459 668 1492 misericordiae
702 1460 841 1491 saevitia
875 1460 1094 1491 accusationis
1131 1465 1361 1503 permoverat,
1394 1464 1524 1491 tantum
1554 1460 1623 1491 irae
1660 1460 1697 1492 P.
1736 1461 1897 1503 Egnatius

228 1511 321 1543 testis
345 1512 497 1544 concivit.

385 1563 460 1595 Hoc
494 1563 624 1596 dicendi
657 1575 761 1606 genus
795 1563 932 1595 Tacitus
968 1564 1015 1595 ita
1048 1563 1171 1604 variat,
1215 1568 1252 1595 ut
1285 1564 1379 1607 prius
1412 1564 1618 1596 enuntiatum
1650 1563 1705 1596 vel
1739 1565 1896 1597 enuntiati

230 1614 416 1646 membrum
439 1620 497 1647 aut
519 1615 627 1647 forma
648 1616 780 1659 passive
793 1614 984 1658 proferatur
1007 1620 1065 1647 aut
1084 1615 1152 1646 vim
1175 1615 1342 1658 passivam
1364 1615 1502 1656 habeat;
1527 1616 1562 1647 in
1584 1616 1768 1658 posteriore
1790 1615 1824 1647 id
1847 1621 1896 1648 est

231 1665 320 1709 quod
356 1677 457 1709 agens
492 1665 669 1699 inducitur.
723 1666 750 1709 Ι,
772 1666 826 1709 48,
848 1666 891 1698 22
920 1671 1155 1699 testamentum
1185 1691 1192 1698 .
1224 1691 1231 1698 .
1259 1665 1337 1698 Vini
1366 1666 1593 1710 magnitudine
1623 1678 1725 1711 opum
1747 1667 1895 1699 inritum:

234 1717 364 1750 Pisonis
386 1729 574 1762 supremam
596 1719 803 1751 voluntatem
824 1724 1006 1763 paupertas
1028 1717 1182 1751 firmavit.
1225 1718 1270 1759 II,
1288 1719 1337 1760 17,
1355 1719 1393 1751 11
1417 1719 1512 1751 miles
1533 1730 1599 1751 non
1621 1719 1687 1751 iam
1707 1719 1839 1752 flumine
1858 1744 1865 1751 .
1887 1744 1895 1751 .

232 1770 425 1811 arcebatur3
457 1771 621 1803 invitabat
649 1772 728 1814 quin
757 1772 856 1803 etiam
882 1770 1029 1802 Batavos
1052 1795 1059 1802 .
1082 1795 1089 1802 .
1111 1769 1223 1802 Padus
1251 1771 1331 1814 ipse.
1375 1771 1438 1812 111,
1455 1771 1508 1812 32,
1528 1771 1569 1802 15
1599 1772 1702 1803 ceteri
1732 1771 1831 1803 duces
1860 1772 1895 1803 in

232 1821 387 1854 obscuro:
410 1821 593 1855 Antonium
615 1822 748 1855 fortuna
771 1822 926 1866 famaque
957 1822 1103 1854 omnium
1133 1822 1238 1855 oculis
1265 1828 1474 1866 exposuerat.
1519 1823 1550 1862 2,
1571 1823 1621 1864 17,
1636 1823 1679 1855 22
1701 1822 1834 1867 quidam
1854 1848 1861 1855 .
1886 1848 1893 1855 .

230 1874 264 1905 in
287 1885 413 1906 summa
436 1875 593 1907 arborum
614 1875 676 1908 nisi
699 1900 706 1907 .
730 1900 737 1907 .
760 1874 959 1917 figebantur,
980 1874 1063 1907 alios
1084 1881 1243 1919 prorutae
1268 1875 1405 1907 arbores
1421 1874 1588 1907 adflixere.
1623 1875 1675 1915 33,
1688 1875 1711 1907 4
1726 1874 1895 1908 decretum

231 1935 272 1957 ne
287 1936 368 1957 vasa
392 1936 472 1958 auro
497 1926 603 1959 solida
626 1952 633 1958 .
657 1951 664 1958 .
688 1926 815 1968 fierent,
836 1936 878 1957 ne
900 1926 1002 1958 vestis
1025 1927 1130 1959 serica
1151 1927 1241 1958 viros
1261 1926 1420 1959 foedaret.
1465 1926 1517 1967 83,
1534 1927 1575 1958 18
1597 1926 1759 1970 quaedam
1784 1927 1896 1959 statim

232 1978 353 2010 omissa
375 1984 452 2011 sunt
475 1985 533 2012 aut
552 1984 701 2012 vetustas
725 1979 926 2012 obliteravit.
962 1978 993 2020 3,
1008 1978 1062 2021 46,
1081 1979 1120 2012 19
1145 1980 1179 2011 in
1201 1978 1315 2011 villam
1339 2004 1346 2011 .
1370 2004 1377 2011 .
1401 1990 1476 2011 cum
1499 1977 1665 2011 fidissimis
1687 1980 1804 2024 pergit.
1827 1978 1896 2012 illic

232 2040 292 2061 sua
314 2040 413 2061 manu
435 2055 442 2061 .
466 2055 473 2062 .
497 2030 665 2063 occidere:
687 2032 820 2063 incensa
841 2030 922 2062 villa
945 2042 1059 2062 omnes
1074 2031 1241 2063 cremavit.
1285 2031 1337 2071 52,
1352 2031 1373 2062 6
1394 2031 1459 2062 alia
1481 2036 1673 2074 sumptuum
1695 2056 1702 2063 .
1725 2056 1732 2062 .
1753 2031 1897 2063 occulta-

231 2082 367 2123 bantur,
398 2083 524 2115 ventris
547 2088 579 2116 et
609 2094 736 2127 ganeae
757 2088 895 2127 paratus
924 2081 1070 2115 adsiduis
1094 2082 1300 2116 sermonibus
1328 2082 1456 2126 vulgati
1479 2082 1628 2115 fecerant
1651 2094 1772 2120 curam,
1793 2094 1835 2115 ne
1857 2108 1865 2115 .
1887 2108 1896 2116 .

234 2135 284 2176 12,
300 2135 351 2175 60,
368 2135 407 2166 12
429 2146 505 2167 cum
520 2135 723 2178 Semproniis
745 2135 974 2177 rogationibus
997 2141 1150 2178 equester
1173 2135 1255 2167 ordo
1277 2136 1309 2167 in
1333 2136 1542 2178 possessione
1556 2135 1753 2168 iudiciorum
1769 2135 1895 2168 locare-

232 2191 304 2228 tur,
347 2190 404 2218 aut
442 2197 575 2219 rursum
606 2185 768 2219 Serviliae
801 2186 893 2230 leges
930 2187 1058 2219 senatui
1094 2186 1217 2219 iudicia
1252 2185 1438 2218 redderent.
1494 2187 1544 2229 13,
1573 2187 1626 2229 26,
1658 2188 1696 2219 17
1734 2192 1771 2218 ut
1806 2192 1899 2219 metu

234 2243 458 2280 coerceantur,
482 2250 566 2282 quos
588 2238 751 2272 beneficia
771 2250 838 2271 non
861 2240 1086 2272 mutavissent.
1117 2239 1235 2282 14,40‚
1252 2239 1293 2271 14
1314 2239 1484 2271 Fabianus
1506 2239 1738 2283 Antoniusque
1761 2264 1768 2271 .
1791 2264 1798 2271 .
1822 2238 1898 2283 lege

234 2289 388 2322 Cornelia
421 2289 628 2323 damnantur.
672 2291 869 2322 Marcellum
902 2292 1061 2323 memoria
1093 2292 1256 2323 maiorum
1290 2297 1322 2323 et
1356 2302 1473 2334 preces
1496 2290 1648 2324 Caesaris
1684 2302 1812 2335 poenae
1850 2316 1857 2323 .
1892 2316 1900 2323 .

235 2353 394 2375 exemere.
437 2342 491 2385 45,
505 2343 547 2376 10
566 2354 608 2375 ne
630 2354 701 2376 mos
725 2343 896 2387 antiquus,
932 2354 1031 2387 quem
1059 2342 1286 2375 misericordia
1315 2354 1382 2375 non
1415 2343 1596 2385 minuerat,
1631 2354 1692 2388 per
1724 2343 1899 2376 saevitiam

233 2394 468 2427 intenderetur.
515 2395 565 2437 15,
581 2395 844 2439 71,20·pellitur
867 2394 1039 2439 Crispinus
1061 2395 1234 2427 occasione
1258 2395 1510 2437 comm-ationis,
1541 2395 1599 2428 sed
1619 2395 1744 2428 Neroni
1773 2396 1899 2428 invisus

234 2473 241 2480 .
264 2459 286 2489 .;
309 2446 434 2479 Rufum
459 2446 622 2480 claritudo
645 2448 785 2480 nominis
808 2447 945 2492 expulit.
974 2466 1019 2470 -
1047 2446 1158 2479 Locus
1180 2447 1323 2479 maxime
1358 2447 1495 2491 insignis
1528 2448 1678 2481 variatae
1711 2453 1900 2481 structurae

233 2499 355 2542 legitur
377 2498 419 2541 V,
433 2500 483 2541 11,
497 2499 537 2531 12
562 2500 698 2542 ⁷,urbem
722 2525 729 2531 .
750 2524 757 2531 .
780 2510 882 2543 opera
902 2500 1073 2543 molesque
1094 2499 1321 2540 firmaverant,
1355 2500 1429 2543 quis
1462 2500 1517 2532 vel
1550 2500 1651 2544 plana
1682 2501 1761 2533 satis
1795 2501 1896 2532 muni·
