2090 2958
1036 234 1077 267 15

228 333 275 365 810
296 331 504 376 temporibus
526 332 574 363 rei
587 342 619 376 p.
638 330 895 375 postulantibus.
924 330 953 372 1,
964 330 995 372 5,
1012 330 1053 362 16
1072 331 1215 374 provisis
1237 340 1324 373 quae
1345 335 1476 373 tempus
1498 329 1664 361 monebat.
1687 329 1894 371 6,38,411011

225 384 397 417 Tiberium
420 409 427 417 .
449 409 466 427 .,
491 395 576 428 quae
599 389 728 417 ceteros
749 382 879 416 mollire
902 381 1020 423 solent,
1040 386 1182 426 tempus,
1205 392 1332 426 preces,
1350 382 1461 423 satias,
1483 380 1689 425 mitigabant.
1734 381 1784 424 14,
1801 381 1854 424 58,
1871 381 1894 414 2

228 434 360 479 temPus
381 436 591 468 interiectum
613 440 765 467 moverat
786 434 917 466 famam.
961 434 989 476 Ι,
1010 433 1063 474 39,
1082 434 1118 465 11
1141 434 1393 466 haesitationem
1429 434 1541 466 attulit
1571 439 1703 476 tempus
1739 439 1771 465 et
1790 433 1893 466 locus·

224 486 254 529 6,
282 486 311 529 7,
339 487 381 519 14
414 486 503 531 quod
538 487 681 520 maxime
702 484 891 518 miserabile
914 485 1022 517 tulere
1051 484 1109 517 illa
1135 489 1295 528 tempora.
1339 484 1459 517 Rarius
1488 485 1535 517 ita
1557 484 1680 528 legitur
1704 483 1891 526 „vetustaffl

223 539 254 581 2,
271 539 322 581 83,
339 540 379 572 18
405 538 569 583 quaedam
593 539 704 572 statim
728 538 849 571 omissa
880 543 956 571 sunt
982 543 1041 571 aut
1066 542 1215 570 vetustas
1242 536 1442 570 obliteravit.
1488 536 1539 579 15,
1549 536 1602 580 27,
1616 536 1638 569 2
1660 537 1784 581 apertis
1806 547 1891 581 quae

223 596 371 623 vetustas
393 591 616 634 obsaepserat.
655 589 764 633 Saepe
784 589 869 621 hane
891 590 1054 621 rationem
1077 589 1225 631 sequitur
1249 599 1325 620 nox.
1360 589 1388 630 Ι,
1404 589 1455 625 80,
1471 589 1511 620 13
1535 589 1696 631 obsequia
1717 588 1890 621 meliorum

223 654 291 676 nox
315 642 508 676 abstulerat.
553 640 613 684 IV,
625 641 677 683 36,
694 641 733 674 11
758 640 920 685 pudorem
941 652 1010 674 nox
1033 639 1210 673 ademerat.
1256 640 1284 683 1,
1299 640 1351 683 64,
1368 640 1388 673 8
1410 651 1478 673 nox
1500 665 1507 673 .
1530 665 1538 674 .
1561 639 1709 684 legiones
1732 638 1892 672 adversae

222 705 355 738 pugnae
378 694 508 725 exemit.
548 693 598 734 13,
614 693 664 735 15,
680 693 720 725 13
743 692 1037 725 dissimulationem
1059 703 1127 724 nox
1147 697 1180 723 et
1201 692 1340 724 lascivia
1363 698 1539 724 exemerat.
1575 691 1635 734 IV,
1650 692 1703 733 35,
1721 693 1759 724 11
1784 691 1889 725 donec

225 745 390 790 proelium
412 755 480 777 nox
503 743 680 776 dirimeret.
689 745 715 786 ²)
758 743 865 787 V,20‚
882 744 931 777 15.
964 744 1015 786 12,
1032 743 1082 785 16,
1096 743 1144 775 10.
1174 743 1287 785 11,44‚
1304 743 1343 775 11
1366 742 1500 776 Celsum
1523 754 1591 775 nox
1613 743 1707 775 iuvit.
1741 744 1769 785 1,
1781 743 1833 782 50,
1850 743 1891 775 12

224 799 309 830 iuvit
348 810 415 830 nox
452 796 615 830 sideribus
646 797 792 830 illustris.
846 797 878 840 2,
901 797 953 839 82,
977 796 1018 829 19
1055 796 1148 829 iuvat
1186 794 1417 829 credulitatem
1445 806 1514 828 nox
1543 801 1576 829 et
1598 795 1785 841 promptior
1805 796 1892 828 inter

223 850 378 882 tenebras
399 847 594 881 adfirmatio.
643 849 671 891 1,
687 849 739 891 49,
755 849 775 881 3
798 860 882 892 quos
911 848 1009 881 simul
1035 848 1199 880 vescentis
1231 847 1318 889 dies,
1347 847 1444 880 simul
1476 848 1606 891 quietos
1631 859 1700 880 nox
1720 848 1892 881 habuerat.

225 901 275 943 13,
293 902 343 943 17,
357 902 374 933 1
398 912 466 934 nox
490 899 605 934 eadem
626 912 741 934 necem
756 900 939 934 Britannici
963 906 995 933 et
1017 911 1137 944 rogum
1161 900 1341 933 coniunxit.
1384 898 1444 942 IV,
1459 900 1511 942 29,
1530 900 1546 933 1
1570 898 1671 933 finem
1693 899 1801 932 labori
1824 910 1892 932 nox

224 953 343 986 attufit
388 953 419 996 2,
436 953 486 994 14,
504 953 521 985 1
547 964 614 985 nox
637 953 753 986 eadem
775 953 898 985 laetam
918 952 1117 986 Germanico
1141 953 1287 996 quietem
1308 953 1393 985 tulit.
1431 952 1482 995 15,
1492 952 1545 995 37,
1559 953 1603 986 20
1626 963 1711 996 quae
1735 952 1835 985 etiam
1857 953 1892 984 in

223 1005 346 1038 femina
369 1017 437 1039 nox
457 1006 573 1050 operit.
605 1004 763 1038 Eiusdem
782 1005 913 1049 generis
928 1010 978 1038 est
992 1004 1037 1047 H,
1054 1004 1104 1048 14,
1118 1004 1161 1038 23
1184 1005 1218 1037 111
1242 1030 1249 1037 .
1271 1030 1278 1038 .
1301 1005 1484 1038 exercitum
1505 1005 1692 1038 attinuisset
1714 1004 1893 1037 obscurum

223 1058 349 1099 noctis;
373 1057 413 1089 cf.
432 1058 482 1100 15,
494 1058 546 1099 37,
563 1058 611 1090 13.
633 1076 677 1080 —
699 1057 808 1090 Aliter
832 1063 1043 1101 comparatus
1066 1063 1115 1089 est
1136 1057 1231 1090 locus
1251 1056 1384 1099 G-11‚7
1409 1069 1478 1090 nox
1498 1057 1620 1090 ducere
1643 1057 1731 1089 diem
1749 1056 1890 1090 videtur.

222 1127 266 1131 —
288 1108 542 1142 similitudinem
568 1108 672 1151 „diei“
693 1110 842 1153 sequitur
864 1109 968 1150 lux2).
1007 1110 1036 1151 1,
1048 1109 1153 1150 70,20
1174 1109 1235 1140 lux
1255 1108 1402 1141 reddidit
1423 1114 1556 1141 terram.
1604 1109 1654 1150 14,
1674 1110 1724 1151 10,
1738 1110 1759 1141 3
1781 1109 1889 1141 lucem

224 1161 461 1205 opperiebatur
484 1166 655 1204 tamquam
689 1161 827 1193 exitium
860 1160 1055 1193 adlaturam.
1099 1161 1171 1193 Nee
1193 1160 1360 1205 discrepat
1382 1162 1425 1194 ab
1446 1161 1510 1193 hoc
1533 1173 1596 1194 usu
1621 1161 1652 1203 4,
1672 1161 1724 1203 62,
1744 1161 1784 1193 14
1806 1172 1889 1205 quos

222 1213 422 1257 principium
452 1212 555 1245 cladis
582 1213 617 1244 in
639 1218 780 1245 mortem
808 1211 982 1245 adflixerat
1012 1212 1053 1245 cf.
1082 1213 1134 1255 68,
1152 1213 1182 1244 2.
1204 1230 1248 1234 —
1272 1213 1298 1254 I,
1320 1213 1370 1255 16,
1387 1213 1427 1245 13
1450 1218 1488 1246 ut
1509 1224 1617 1257 neque
1640 1223 1714 1245 mea
1736 1218 1887 1245 senectus

224 1265 374 1297 conferre
397 1265 474 1309 plus
495 1265 622 1309 populo
645 1265 794 1298 Romano
817 1265 923 1309 possit
944 1276 1045 1308 quam
1067 1265 1192 1298 bonum
1215 1276 1439 1298 successorem
1459 1276 1568 1309 neque
1590 1270 1650 1298 tua
1668 1265 1744 1310 plus
1755 1265 1888 1298 iuventa

223 1328 341 1362 quam.
355 1343 362 1350 .
375 1317 405 1360 6,
415 1317 467 1360 32,
478 1317 519 1350 21
543 1317 632 1350 bona
654 1318 809 1350 iuventae
831 1322 983 1350 senectus
1008 1317 1173 1360 flagitiosa
1205 1317 1405 1349 obliteravit.
1449 1317 1503 1349 De
1534 1317 1692 1360 „aetatis“
1727 1317 1808 1349 locis
1830 1318 1887 1361 qui

222 1370 309 1403 hunc
334 1382 430 1403 usum
454 1376 637 1414 sequuntur
661 1369 701 1402 cf.
722 1369 803 1402 Lex.
827 1369 906 1403 Tac.
929 1382 984 1415 pg.
1005 1369 1089 1411 56a)
1111 1370 1142 1412 γ)
1164 1381 1219 1414 pg.
1243 1369 1330 1411 57b)
1353 1379 1382 1402 α.
1396 1388 1440 1392 -
1455 1370 1485 1413 6,
1505 1369 1547 1403 33
1564 1369 1605 1403 13
1626 1381 1703 1403 011111
1727 1395 1734 1403 .
1756 1396 1763 1403 .
1785 1381 1888 1403 111111111

221 1422 387 1465 reliquum
410 1423 467 1463 (sc.
491 1423 667 1463 incessum)
692 1447 698 1453 .
720 1447 727 1454 .
750 1427 858 1454 aestas
879 1421 1064 1466 impediret.
1100 1423 1128 1461 1,
1140 1422 1192 1464 30,
1205 1422 1229 1453 4
1243 1427 1383 1454 auxerat
1404 1422 1547 1455 militum
1568 1434 1664 1455 curas
1677 1428 1888 1466 praematura

221 1473 334 1506 hiems.
378 1473 409 1516 4,
432 1474 484 1516 51,
510 1474 551 1507 10
586 1473 723 1517 reliquis
759 1478 973 1517 praematura
995 1498 1002 1505 .
1025 1498 1032 1505 .
1054 1473 1158 1506 hiems
1195 1473 1359 1506 subvenit.
1405 1473 1455 1516 12,
1476 1474 1529 1516 50,
1549 1475 1567 1507 7
1599 1480 1697 1507 atrox
1725 1474 1828 1506 hiems
1849 1499 1856 1506 .
1879 1499 1886 1506 .

223 1525 405 1569 (perpellit)
428 1524 625 1569 Vologesen.

379 1576 494 1621 Agens
515 1577 671 1610 indicitur
694 1576 833 1619 „mors“.
863 1576 905 1619 V,
920 1577 951 1620 9,
967 1577 1009 1609 14
1030 1582 1157 1609 motum
1170 1576 1321 1609 Caesaris
1341 1588 1431 1610 mors
1446 1577 1586 1610 diremit.
1627 1578 1656 1618 1,
1668 1578 1751 1620 3,12
1766 1578 1887 1611 Gaium

222 1655 229 1662 .
257 1655 264 1662 .
291 1641 381 1662 mors
410 1630 480 1662 fato
511 1641 656 1674 propera
684 1629 739 1661 vel
767 1628 885 1662 Liviae
908 1629 1004 1662 dolus
1027 1629 1174 1663 abstulit.
1210 1630 1241 1673 2,
1256 1629 1308 1672 51,
1330 1630 1357 1662 1.
1392 1630 1500 1672 70,10
1518 1629 1754 1664 moderabatur
1776 1630 1886 1663 cursui

223 1682 280 1723 (sc.
303 1682 405 1725 Piso),
430 1693 496 1726 quo
518 1682 656 1726 propius
679 1681 927 1725 regrederetur,
950 1683 976 1714 si
998 1693 1088 1715 mors
1117 1681 1307 1715 Germanici
1335 1681 1466 1715 Suriam
1496 1684 1689 1728 aperuisset.
1744 1683 1776 1725 4,
1793 1683 1846 1725 35,
1863 1683 1886 1715 4

223 1745 306 1778 quos
327 1746 416 1767 mors
440 1734 516 1767 odio
541 1740 598 1767 aut
619 1735 747 1778 gratiae
771 1735 954 1767 exemisset.
1001 1734 1051 1774 14,
1062 1734 1115 1775 52,
1128 1735 1145 1766 1
1169 1746 1258 1767 mors
1270 1734 1370 1767 Burri
1391 1734 1526 1778 infregit
1538 1735 1685 1768 Senecae
1695 1737 1885 1780 potentiam.

222 1785 351 1819 Eodem
369 1786 472 1819 'modo
495 1798 574 1819 usus
598 1792 647 1819 est
676 1786 908 1827 substantivis,
937 1798 1023 1830 quae
1050 1793 1126 1819 sunt
1150 1786 1260 1830 „finis‚
1294 1786 1427 1829 caedes,
1457 1786 1596 1820 exitus“.
1650 1787 1677 1830 I,
1702 1788 1734 1830 4,
1756 1788 1776 1820 6
1812 1787 1886 1820 finis

222 1838 364 1871 Neronis
385 1865 393 1872 .
417 1864 424 1871 .
447 1839 559 1872 varios
581 1844 691 1871 motus
714 1839 899 1871 animorum
923 1864 930 1871 .
955 1864 962 1871 .
986 1840 1184 1872 conciverat.
1228 1839 1273 1881 H,
1294 1839 1347 1882 31,
1371 1839 1394 1871 4
1414 1838 1589 1873 addiderat
1616 1840 1693 1873 huic
1726 1846 1886 1873 terrorem

223 1917 230 1924 .
250 1917 257 1924 .
281 1890 400 1924 caedes
423 1890 562 1924 Galbae.
606 1890 666 1934 IV,
695 1891 748 1934 11,
780 1891 821 1924 10
858 1891 1038 1936 plurimum
1068 1892 1206 1925 terroris
1235 1891 1347 1925 intulit
1370 1891 1489 1925 caedes
1512 1890 1685 1937 Calpurnii
1709 1892 1886 1927 Galeriani.

224 1944 275 1985 15,
287 1943 340 1981 29,
353 1943 393 1974 15
416 1954 500 1986 quos
525 1943 581 1983 (sc.
601 1944 723 1984 motus)
747 1944 892 1986 augebat
913 1944 1012 1975 insita
1035 1943 1143 1976 adhuc
1166 1944 1271 1976 oculis
1293 1945 1499 1977 exercituum
1520 1945 1746 1977 Romanorum
1768 1945 1886 1978 caedes

224 2001 258 2029 et
279 1994 417 2029 obsidio.
461 1994 493 2038 4,
505 1994 557 2036 33,
574 1995 614 2028 12
637 1995 718 2028 clari
734 1994 857 2028 ducum
880 1995 988 2028 exitus
1011 1996 1154 2028 retinent
1172 2006 1211 2028 ac
1232 1994 1462 2039 redintegrant
1483 1996 1666 2040 legentium
1688 1997 1822 2029 animos.
1842 2015 1887 2020 —

222 2048 347 2092 Aliquo
379 2046 477 2080 modo
510 2053 621 2091 potest
653 2049 839 2093 comparari
876 2060 952 2081 eum
984 2048 1035 2080 his
1068 2048 1151 2080 locis
1179 2048 1211 2090 4,
1238 2048 1290 2090 62,
1311 2049 1352 2081 16
1377 2060 1480 2093 „quos
1508 2074 1515 2082 .
1539 2075 1546 2082 .
1572 2048 1721 2082 nondum
1741 2050 1810 2083 vita
1831 2049 1886 2083 de-

223 2099 407 2141 seruerat“;
432 2098 511 2132 alibi
533 2099 597 2131 hoc
619 2100 828 2133 substantivo
859 2111 898 2133 eo
919 2099 1019 2133 modo
1041 2099 1083 2132 de
1107 2111 1173 2144 quo
1196 2100 1271 2133 dico
1299 2112 1379 2133 usus
1405 2112 1472 2133 non
1503 2106 1561 2134 est.
1606 2102 1783 2134 Praeterea
1813 2113 1887 2146 per-

222 2153 328 2186 tinent
345 2151 410 2185 huc
422 2150 515 2194 Ι,26,
528 2152 545 2184 1
570 2151 685 2184 infecit
704 2163 744 2185 ea
768 2152 864 2185 tabes
885 2152 1054 2196 legionum
1068 2177 1076 2184 .
1091 2177 1099 2184 .
1114 2158 1250 2185 mentes.
1282 2152 1325 2194 V,
1336 2153 1367 2195 3,
1381 2153 1403 2186 2
1425 2159 1499 2186 orta
1510 2179 1518 2187 .
1532 2179 1539 2185 .
1552 2154 1631 2186 tabe
1645 2165 1730 2198 quae
1746 2165 1889 2198 corpora

223 2204 381 2238 foedaret.
428 2205 477 2246 11,
501 2204 531 2246 6,
554 2204 575 2235 9
606 2209 643 2236 ut
677 2215 743 2248 quo
777 2204 877 2237 modo
909 2206 961 2237 vis
987 2205 1180 2237 morborum
1200 2204 1420 2247 medentibus,
1441 2206 1489 2238 sie
1511 2205 1576 2239 fori
1597 2206 1693 2239 tabes
1714 2207 1890 2250 pecuniam

223 2256 394 2290 advocatis
416 2256 511 2289 ferat.
557 2255 607 2299 12,
624 2255 677 2299 50,
698 2256 716 2288 7
745 2256 842 2289 tabes
865 2282 873 2289 .
896 2282 903 2289 .
931 2256 1114 2301 (perpellit)
1136 2255 1328 2300 Vologesen
1350 2258 1504 2290 omittere
1525 2258 1722 2302 praesentia.
1765 2256 1807 2300 V,
1822 2258 1854 2301 4,
1868 2259 1889 2291 8

223 2321 290 2353 qua
328 2309 385 2349 (sc.
409 2308 517 2350 clade)
539 2309 630 2352 ipsos
653 2308 781 2341 scabies
806 2308 974 2352 quondam
996 2314 1200 2353 turpaverat.
1245 2309 1355 2342 Minus
1375 2308 1441 2342 hue
1463 2310 1608 2353 pertinet
1629 2310 1661 2353 2,
1671 2310 1755 2353 47,7
1776 2321 1889 2354 asper-

382 2438 405 2475 ¹)
424 2437 489 2465 Hoc
515 2437 592 2465 idem
620 2437 730 2474 legitur
757 2437 836 2474 apud
862 2437 1030 2466 Sallustium
1055 2440 1085 2465 et
1105 2436 1236 2473 Livium3
1263 2438 1313 2466 sed
1339 2438 1377 2466 ef.
1402 2438 1465 2465 Liv-
1491 2439 1533 2472 27,
1549 2439 1573 2473 2,
1586 2439 1604 2466 8
1628 2448 1685 2466 nox
1712 2460 1719 2466 .
1741 2460 1747 2466 .
1773 2439 1890 2467 diremit

220 2485 392 2518 pugnantes.

379 2525 403 2562 ²)
421 2525 485 2552 Liv.
504 2525 546 2558 27,
562 2525 606 2559 47,
619 2525 654 2552 10
671 2524 723 2552 ubi
741 2525 834 2561 prima
851 2524 900 2552 lux
918 2525 1072 2553 transitum
1092 2546 1098 2552 .
1119 2546 1125 2552 .
1145 2525 1327 2553 ostendisset.
