2090 2958
1046 218 1086 252 11

228 315 257 358 Ι,
274 315 359 356 18,1
382 315 530 348 tonitrua
552 320 586 348 et
607 314 742 358 fulgura
771 319 805 348 et
828 314 987 349 caelestes
1010 315 1118 349 minae
1142 340 1149 348 .
1168 340 1176 348 .
1198 315 1429 349 turbaverant.
1476 314 1504 357 1,
1518 313 1572 354 28,
1587 313 1608 347 8
1629 313 1736 348 nubes
1758 313 1902 348 offecere

227 366 325 399 visui.
382 365 424 409 V,
445 366 477 405 4,
500 367 540 400 18
574 366 736 411 pleraque
775 366 967 400 caelestium
1001 392 1009 400 .
1042 391 1051 400 .
1087 378 1203 400 cursus
1239 372 1393 410 septenos
1430 377 1492 410 per
1528 376 1684 398 numeros
1722 366 1899 411 complent.

227 418 323 459 (Loc.
347 419 444 460 corr.)

384 469 494 502 Semel
516 469 708 514 „prodigia“
735 480 811 502 cum
831 471 941 503 activo
963 471 1060 503 verbi
1081 469 1227 503 terrendi
1250 469 1423 513 conjunxit
1445 469 1473 511 I,
1488 469 1585 511 86,1.

386 521 449 555 His
481 519 674 555 adiciendus
714 520 848 555 videtur
891 521 1075 568 personalis
1110 533 1189 555 usus
1235 521 1433 555 substantivi
1471 519 1562 565 quod
1602 525 1653 554 est
1692 531 1763 563 res,
1783 543 1785 545 v
1801 532 1901 566 quem

229 572 368 606 Tacitus
394 574 499 606 multo
519 574 627 606 rarius
657 585 757 617 quam
779 572 950 616 Caesar,¹)
973 574 1194 616 Sallustius‚²)
1217 574 1334 607 Livius
1342 575 1369 615 ³)
1395 573 1536 606 admisit.
1579 573 1719 606 Praeter
1741 584 1781 606 ea
1802 574 1890 607 enim

226 635 317 669 quae
333 624 424 669 apud
439 635 552 657 omnes
574 625 753 669 scriptores
768 624 905 658 Latinos
919 626 1000 658 trita
1014 630 1101 664 sunt,
1126 631 1256 669 „prout,
1278 626 1315 667 si,
1337 630 1385 667 ut,
1408 625 1466 658 ubi
1487 636 1542 657 res
1553 625 1663 669 poscit
1686 624 1742 656 vel
1762 636 1900 668 poscere

228 676 381 710 videtur“
408 676 455 718 (D
477 677 530 718 31,
542 676 593 711 30.
622 676 655 711 G
675 677 794 720 35,12.
816 677 869 721 44,
891 678 940 722 10.
967 677 995 720 Ι,
1012 677 1063 720 79,
1079 678 1131 711 20.
1150 677 1208 719 ·11‚
1223 677 1254 721 5,
1269 678 1299 711 2.
1322 676 1425 721 1V‚5‚
1442 677 1474 719 1)
1503 688 1612 722 pauca
1641 676 1725 710 haee
1747 676 1900 722 exempla

211 729 395 772 leguntur.
438 729 466 766 I,
480 729 567 769 35,5
589 734 626 762 ut
647 741 701 762 res
723 729 837 763 docuit
858 731 877 762 i.
902 741 928 762 e.
954 730 1078 773 erfolg3
1102 731 1221 763 ceteris
1242 730 1325 763 locis
1348 729 1513 773 significat
1537 728 1723 772 „umstand,
1744 729 1898 762 vox-fall&

231 780 282 822 12,
297 780 318 813 6
339 781 520 814 maturavit
543 792 582 814 ea
593 792 647 814 res
658 781 788 815 Galbae
803 781 985 815 consilium.
1019 781 1065 824 H,
1077 782 1129 825 26,
1140 781 1161 814 3
1176 793 1261 826 quae
1274 793 1329 814 res
1339 782 1373 814 in
1384 781 1511 826 proelio
1525 780 1782 825 trepidationem
1797 781 1899 814 auxit.

226 832 307 874 45,9
317 843 356 864 ea
362 832 671 866 reshaesitationem
683 834 794 866 attulit
801 834 934 877 ignaris.
954 833 1099 876 HI,48,1
1110 833 1255 866 advertit
1263 845 1303 866 ea
1309 845 1364 866 res
1371 833 1569 877 Vespasiani
1577 833 1731 866 animum.
1752 832 1811 874 IV,
1822 833 1899 875 71,8

229 884 325 917 auxit
333 894 373 917 ea
379 894 433 917 res
442 883 616 917 Gallorum
625 885 829 929 obsequium.
841 884 871 927 3,
876 884 953 927 25,7
964 895 1004 917 ea
1010 895 1064 917 res
1072 884 1228 918 admonet
1236 890 1281 917 ut.
1290 910 1298 917 .
1306 909 1314 917 .
1326 885 1404 927 31,8
1413 895 1519 929 parva
1527 895 1581 916 res
1589 908 1597 916 .
1606 909 1613 916 .
1621 884 1777 928 praebuit
1788 885 1899 917 iuveni

386 1013 408 1046 ι)
427 1011 616 1039 Caesarianus
643 1020 712 1039 usus
736 1011 889 1048 (nusquam
916 1011 1063 1048 significat
1082 1012 1194 1048 „ding“,
1219 1020 1306 1047 saepe
1331 1012 1350 1038 i.
1377 1020 1404 1047 q.
1434 1012 1494 1046 „id,
1522 1012 1607 1048 hoc“)
1628 1020 1663 1039 ex
1689 1012 1736 1038 his
1761 1012 1896 1047 exemplis

229 1055 432 1091 cognoscitur:
450 1055 478 1083 b.
497 1065 525 1092 g.
543 1055 567 1088 2,
578 1056 602 1089 5,
614 1056 631 1084 5
649 1064 740 1092 „quae
758 1064 804 1084 res
828 1058 857 1084 et
874 1055 950 1084 latus
967 1064 1056 1083 unum
1074 1058 1234 1084 castrorum
1242 1056 1315 1092 ripis
1324 1055 1450 1084 fluminis
1467 1055 1618 1083 muniebat
1627 1058 1656 1083 et
1669 1058 1736 1091 post
1748 1063 1812 1083 eum
1825 1063 1899 1091 quae

227 1102 337 1131 essent,
367 1102 432 1126 tuta
458 1099 496 1126 ab
522 1099 655 1126 hostibus
679 1099 821 1126 reddebat
842 1103 883 1132 et,
907 1120 914 1126 .
933 1119 940 1126 .
965 1103 998 1126 ut
1017 1120 1023 1126 .
1043 1120 1063 1132 .,
1088 1100 1247 1127 efficiebat“
1276 1100 1327 1127 ubi
1346 1099 1719 1135 Krahner-Dittenberger:
1737 1098 1898 1135 geliiufiger

227 1144 305 1170 ware
317 1150 374 1178 qua
392 1151 422 1170 re
434 1142 624 1169 muniebatur.
648 1142 740 1178 Saepe
753 1143 939 1179 coniungitur
957 1151 1021 1170 cum
1042 1142 1131 1170 verbo
1150 1142 1290 1170 afferendi
1308 1143 1346 1170 cf.
1365 1143 1393 1170 b.
1411 1152 1440 1179 g.
1463 1143 1486 1176 1,
1499 1143 1541 1175 53,
1554 1143 1572 1169 6
1590 1151 1666 1178 quae
1679 1163 1686 1169 .
1700 1162 1707 1168 .
1720 1150 1766 1169 res
1780 1141 1898 1169 Caesari

225 1186 364 1213 minorem
383 1194 468 1221 quam
487 1186 552 1221 ipsa
567 1186 690 1213 victoria
713 1186 891 1221 voluptatem
909 1186 1016 1213 attulit.
1053 1187 1075 1218 7,
1092 1187 1132 1219 10,
1150 1187 1174 1213 1.
1194 1186 1223 1213 b.
1245 1195 1268 1213 c.
1288 1187 1311 1219 1,
1325 1187 1368 1219 48,
1384 1186 1410 1213 3.
1429 1186 1453 1219 3,
1464 1186 1506 1219 33,
1520 1187 1546 1213 2.
1572 1187 1631 1220 111,
1647 1186 1672 1213 2.
1698 1185 1727 1213 b.
1736 1195 1765 1221 g.
1787 1186 1810 1218 1,
1824 1185 1865 1219 33,
1880 1185 1898 1213 2

226 1229 334 1256 multae
351 1238 398 1256 res
416 1238 480 1256 eum
504 1229 705 1256 hortabantur.
741 1229 766 1262 3,
780 1229 821 1262 18,
836 1230 861 1256 6.
887 1230 910 1262 1,
923 1230 966 1262 46,
980 1230 999 1257 4
1017 1238 1051 1257 ea
1069 1238 1116 1257 res
1137 1229 1310 1265 colloquium
1328 1250 1334 1257 .
1355 1250 1362 1256 .
1381 1230 1552 1257 diremisset.
1588 1230 1614 1263 4,
1629 1230 1653 1263 1,
1664 1229 1682 1256 9
1701 1238 1776 1265 quae
1799 1238 1845 1257 res
1864 1250 1871 1256 .
1890 1250 1897 1256 .

226 1275 257 1300 et
276 1272 352 1300 vires
370 1272 424 1300 alit
442 1275 472 1300 et
488 1272 604 1299 immani
622 1281 775 1308 corporum
791 1272 992 1309 magnitudine
1009 1272 1139 1300 homines
1156 1264 1244 1300 efficit
1264 1273 1302 1300 cf.
1323 1273 1347 1306 6,
1359 1273 1402 1306 21,
1415 1273 1435 1300 4
1452 1273 1509 1300 hoc
1526 1273 1566 1300 ali
1585 1276 1741 1305 staturam,
1765 1272 1804 1299 ali
1822 1273 1898 1300 vires

227 1337 235 1344 .
255 1337 262 1344 .
281 1319 394 1352 putant.
422 1317 481 1350 5,4,
496 1318 511 1344 1
531 1325 605 1353 quae
623 1325 688 1344 eum
705 1325 751 1344 res
769 1317 807 1344 ab
828 1317 963 1345 instituto
985 1317 1106 1345 consilio
1126 1317 1292 1345 deterreret.
1319 1317 1363 1350 48,
1376 1317 1411 1344 10
1422 1326 1498 1353 quae
1510 1326 1556 1345 res
1568 1325 1673 1345 omnen
1685 1316 1896 1344 dubitationem

227 1381 235 1387 .
258 1381 264 1387 .
283 1360 400 1396 expulit.
437 1361 461 1394 6,
471 1361 513 1394 67,
525 1361 544 1388 4
562 1369 637 1396 quae
655 1369 701 1388 res
719 1363 749 1388 et
765 1360 863 1388 hostes
881 1381 888 1387 .
908 1381 914 1387 .
933 1361 1071 1388 tardabat
1090 1364 1119 1388 et
1136 1364 1252 1388 nostros
1271 1382 1277 1387 .
1298 1381 1304 1387 .
1324 1360 1522 1388 confirmabat.
1541 1361 1569 1388 b.
1583 1369 1608 1388 c.
1623 1361 1646 1394 1,
1656 1360 1699 1393 26,
1710 1360 1727 1387 2
1744 1369 1780 1388 ea
1796 1369 1842 1388 res
1862 1381 1868 1387 .
1889 1381 1896 1388 .

227 1405 352 1440 impetus
375 1405 437 1432 eius
463 1425 469 1431 .
496 1425 502 1431 .
528 1404 673 1432 tardabat.
708 1405 733 1437 2,
748 1405 791 1438 39,
807 1405 825 1432 6
847 1414 884 1433 ne
908 1405 980 1433 haec
1005 1404 1121 1441 quidem
1145 1413 1191 1433 res
1216 1404 1370 1433 Curionem
1394 1425 1401 1432 .
1420 1425 1427 1432 .
1455 1404 1630 1433 morabatur.
1666 1404 1737 1437 36,7
1757 1413 1832 1440 quae
1849 1413 1896 1433 res

226 1457 326 1475 eorum
343 1448 513 1483 perterritos
533 1448 644 1475 animos
662 1448 852 1475 confirmavit.
886 1449 911 1481 3,
924 1449 966 1481 84,
980 1449 997 1475 2
1015 1457 1089 1484 quae
1108 1458 1154 1476 res
1172 1469 1179 1475 .
1201 1469 1207 1475 .
1227 1448 1467 1476 confirmatiorem
1491 1449 1553 1476 eius
1570 1449 1726 1476 exercitum
1744 1448 1895 1476 efficiebat.

227 1491 256 1519 b.
276 1500 304 1528 g.
324 1492 347 1524 7,
361 1491 401 1524 78,
415 1491 432 1518 2
451 1491 476 1518 si
496 1499 542 1519 res
562 1494 657 1528 cogat.
687 1491 711 1524 8,
724 1491 749 1524 8,
759 1491 778 1519 4
797 1500 871 1528 quae
888 1500 935 1519 res
948 1512 955 1518 .
966 1512 972 1518 .
985 1491 1090 1520 stultas
1109 1492 1302 1529 cogitationes
1322 1491 1466 1518 incitabat
1483 1491 1681 1519 barbarorum.
1710 1491 1738 1518 b.
1752 1500 1776 1518 c.
1787 1492 1810 1524 1,
1823 1492 1864 1523 61,
1877 1492 1895 1519 3

225 1535 295 1563 huic
321 1536 441 1563 consilio
466 1535 682 1571 suffragabatur
707 1536 795 1563 etiam
819 1536 870 1563 illa
893 1544 953 1569 res,
978 1535 1055 1572 quod
1080 1557 1087 1563 .
1107 1557 1113 1563 .
1135 1557 1142 1563 .
1177 1536 1201 1569 2,
1211 1536 1254 1569 25,
1268 1537 1284 1564 7
1303 1544 1378 1572 quae
1396 1544 1442 1564 res
1460 1536 1586 1563 omnium
1604 1544 1699 1563 rerum
1718 1536 1802 1572 copia
1820 1545 1893 1563 com-

226 1579 319 1615 plevit
336 1580 499 1607 exercitum.
536 1579 560 1611 3,
575 1579 633 1611 112,
646 1580 681 1606 10
702 1588 777 1615 quae
804 1588 850 1607 res
874 1580 953 1615 apud
976 1580 1082 1607 milites
1109 1580 1280 1616 largitiones
1308 1580 1396 1607 auxit.
1433 1579 1528 1607 Aliter
1545 1579 1573 1610 b.
1592 1588 1616 1607 c.
1635 1580 1660 1612 3,
1673 1580 1716 1612 84,
1728 1580 1747 1607 4
1765 1580 1809 1607 his
1829 1584 1893 1607 erat

224 1622 313 1650 rebus
331 1622 471 1655 effectum,
494 1625 535 1649 ut.
572 1622 630 1655 112,
643 1622 667 1649 6.
692 1623 734 1655 92,
748 1623 773 1649 3.
1219 1640 1225 1646 .

383 1667 407 1701 ¹)
425 1666 492 1694 Sall.
511 1666 610 1701 (saepe
632 1665 713 1692 nihil‘
732 1665 811 1693 aliud
833 1665 980 1702 significat
1006 1666 1062 1693 nisi
1090 1666 1150 1701 „id,
1172 1666 1251 1699 hoc“,
1270 1675 1328 1694 non
1346 1674 1493 1702 nunquam
1517 1665 1804 1702 „zusammenhang⁴‘)
1828 1666 1892 1694 Cat.

225 1710 250 1742 5,
263 1709 280 1735 9
299 1717 345 1736 res
368 1709 433 1744 ipsa
451 1709 562 1736 hortari
584 1729 590 1735 .
610 1729 617 1735 .
635 1709 750 1736 videtur
769 1729 775 1735 .
795 1729 802 1735 .
829 1718 917 1745 supra
941 1713 1081 1745 repetere.
1118 1710 1141 1742 7,
1160 1710 1175 1737 7
1195 1718 1229 1737 ea
1248 1719 1294 1737 res
1321 1710 1437 1745 longius
1464 1718 1517 1736 nos
1545 1709 1582 1736 ab
1615 1710 1733 1744 incepto
1757 1709 1893 1737 traheret.

227 1752 268 1785 18,
281 1753 298 1779 8
323 1761 358 1779 ea
384 1761 430 1779 res
455 1752 605 1779 consilium
625 1752 749 1779 diremit.
785 1752 827 1785 20,
845 1753 880 1779 10
897 1753 1014 1788 incepto
1040 1761 1113 1788 opus
1132 1757 1183 1786 est,
1214 1757 1311 1781 cetera
1333 1762 1380 1780 res
1404 1752 1546 1788 expediet.
1582 1752 1625 1785 23,
1639 1753 1658 1779 4
1676 1761 1711 1780 ea
1730 1761 1775 1780 res
1793 1753 1890 1780 studia

224 1795 372 1823 hominum
393 1796 528 1823 accendit
545 1796 583 1823 ad
602 1816 608 1822 .
629 1816 635 1822 .
654 1816 660 1822 .
679 1795 722 1827 40,
735 1795 753 1823 5
770 1795 843 1822 nihil
863 1816 870 1822 .
890 1816 897 1822 .
916 1799 976 1823 tam
994 1796 1109 1823 difficile
1127 1805 1196 1829 esse,
1219 1797 1296 1832 quod
1316 1817 1322 1823 .
1342 1817 1356 1829 .‚
1376 1796 1489 1823 dumea
1501 1804 1548 1823 res
1558 1796 1706 1823 civitatem
1717 1804 1783 1823 aere
1796 1796 1890 1823 alieno

225 1839 372 1868 liberaret.
408 1840 450 1874 50,
467 1840 485 1868 3
509 1843 543 1867 ut
562 1848 608 1867 res
632 1842 720 1876 atque
742 1842 854 1875 tempus
879 1840 1022 1868 monebat.
1058 1840 1100 1874 50,
1115 1840 1150 1867 10
1177 1848 1262 1877 quem
1285 1849 1331 1868 res
1349 1843 1432 1867 tanta
1449 1848 1508 1867 non
1525 1840 1682 1876 permovit,
1708 1848 1772 1867 eum
1796 1839 1890 1867 oratio

226 1884 389 1912 accendat?
425 1884 466 1917 52,
480 1884 497 1912 3
517 1893 563 1912 res
579 1887 676 1912 monet
693 1892 794 1912 cavere
815 1905 821 1912 .
841 1905 847 1911 .
867 1905 874 1912 .
893 1884 935 1917 53,
947 1884 965 1912 2
991 1884 1086 1912 lubuit
1110 1885 1281 1918 adtendere,
1310 1893 1384 1921 quae
1402 1893 1448 1913 res
1468 1885 1589 1912 maxime
1607 1887 1691 1912 tanta
1708 1884 1826 1921 negotia
1843 1893 1889 1912 su-

225 1928 384 1955 stinuisset.
403 1927 444 1959 53,
458 1928 475 1953 6
494 1936 566 1963 quos
584 1928 720 1963 quoniam
737 1936 783 1954 res
803 1928 955 1955 obtulerat.
983 1928 1046 1964 Iug.
1073 1929 1114 1961 12,
1124 1929 1150 1956 3.
1170 1930 1211 1961 17,
1222 1929 1247 1955 1.
1266 1929 1342 1961 35,6.
1367 1929 1409 1960 52,
1418 1929 1444 1955 5.
1462 1929 1540 1961 54,6.
1566 1930 1607 1961 70,
1620 1929 1647 1955 3.
1665 1929 1708 1961 85,
1721 1929 1757 1955 29
1775 1937 1820 1955 res
1839 1937 1889 1963 po-

227 1970 318 1999 stulat
336 1970 454 2006 (poscit)
482 1990 488 1997 .
516 1990 522 1997 .
548 1971 589 2003 10,
608 1971 625 1998 2
646 1979 740 2007 neque
763 1979 809 1999 res
834 1970 941 1998 falsum
968 1979 1013 1999 me
1033 1971 1144 1999 habuit.
1180 1971 1223 2004 42,
1237 1972 1256 1998 4
1274 1980 1349 2007 quae
1367 1979 1413 1998 res
1431 1991 1438 1997 .
1458 1992 1464 1998 .
1483 1979 1604 2007 magnas
1623 1972 1757 1999 civitates
1774 1979 1889 2007 pessum

227 2014 310 2041 dedit
327 2034 334 2040 .
355 2034 361 2040 .
386 2014 429 2046 47,
442 2014 460 2040 2
483 2013 514 2040 id
542 2014 619 2049 quod
643 2023 689 2041 res
713 2014 856 2042 monebat.
892 2015 934 2047 57,
952 2015 969 2041 3
997 2015 1105 2042 clamor
1129 2016 1231 2051 ingens
1259 2015 1366 2049 oritur,
1392 2023 1485 2050 neque
1506 2023 1542 2042 ea
1567 2024 1614 2043 res
1632 2015 1773 2043 Numidas
1791 2018 1889 2046 terret,

225 2057 301 2091 58,4
319 2056 522 2084 animadvertit
545 2056 645 2092 fugam
669 2057 707 2084 ad
733 2066 763 2084 se
781 2066 897 2084 vorsum
922 2057 998 2090 fieri,
1030 2066 1104 2093 quae
1130 2066 1177 2085 res
1201 2057 1352 2084 indicabat
1376 2058 1527 2092 popularis
1551 2066 1621 2085 esse.
1658 2059 1734 2091 64,4
1752 2066 1826 2093 quae
1843 2066 1890 2085 res

226 2101 351 2129 Marium
369 2121 376 2128 .
395 2121 402 2128 .
420 2099 603 2128 vehementer
620 2101 802 2129 accenderat.
832 2101 873 2135 75,
885 2101 910 2129 9.
931 2101 972 2135 79,
985 2101 1011 2129 3.
1029 2101 1071 2135 95,
1084 2101 1102 2129 2
1119 2110 1172 2129 nos
1189 2101 1265 2129 tanti
1285 2101 1341 2128 viri
1358 2109 1405 2129 res
1423 2101 1581 2129 admonuit.
1611 2101 1692 2130 Orat.
1711 2101 1813 2129 Cottae
1826 2103 1849 2134 5.
1864 2101 1890 2128 6.

226 2145 309 2174 Orat.
323 2146 415 2173 Macri
430 2148 453 2178 ς.
464 2145 506 2171 19.
527 2144 636 2172 Eadem
648 2144 710 2172 fere
722 2146 866 2173 sententia
883 2154 952 2173 usus
965 2149 1009 2173 est
1025 2145 1216 2173 substantivis
1234 2154 1309 2181 quae
1327 2148 1395 2173 sunt
1412 2145 1523 2173 factum
1541 2149 1571 2174 et
1583 2146 1731 2182 negotium
1741 2145 1803 2173 Cat.
1818 2145 1861 2178 24,
1874 2145 1892 2173 2

225 2189 306 2226 quod
327 2189 437 2217 factum
455 2209 462 2215 .
481 2209 488 2215 .
507 2187 655 2224 popularis
673 2189 882 2217 coniurationis
903 2192 1094 2217 concusserat.
1129 2189 1193 2226 Iug.
1213 2189 1255 2222 54,
1268 2189 1294 2216 6.
1313 2189 1355 2223 56,
1367 2190 1394 2217 1.

384 2233 408 2270 ⁸)
427 2232 462 2260 In
479 2232 563 2259 initio
582 2232 774 2268 exemplorum
790 2233 984 2267 Livianorum,
1003 2242 1077 2269 quae
1095 2233 1126 2260 in
1143 2236 1279 2269 promptu
1297 2233 1399 2267 habeo,
1420 2233 1571 2269 ponendus
1589 2233 1705 2261 videtur
1721 2232 1801 2260 locus
1820 2232 1893 2260 satis

225 2276 420 2304 memorabilis
436 2276 478 2309 36,
491 2276 532 2308 23,
545 2276 563 2303 5
582 2284 663 2310 „cum
680 2276 778 2303 multis
795 2280 968 2312 urgerentur
985 2277 1084 2309 rebus,
1109 2276 1205 2304 nullae
1229 2285 1278 2304 eos
1304 2286 1349 2304 res
1377 2285 1469 2313 aeque
1488 2286 1523 2304 ac
1542 2277 1661 2312 vigiliae
1682 2276 1890 2304 conficiebant⁴⁴

226 2319 278 2348 ubi
298 2320 328 2347 in
346 2320 506 2356 posteriore
531 2319 677 2347 enunciati
697 2322 782 2356 parte
806 2321 1021 2349 constructione
1044 2320 1140 2348 activa
1163 2320 1279 2348 videtur
1297 2328 1369 2347 usus
1393 2329 1469 2354 esse,
1487 2329 1524 2348 ne
1541 2320 1588 2348 bis
1606 2320 1751 2348 ablativus
1771 2319 1891 2354 „rebus⁴‘

225 2364 379 2401 legeretur.
415 2365 456 2398 27,
470 2365 493 2398 9,
506 2365 524 2393 5
542 2364 620 2401 quod
638 2363 806 2400 propediem
831 2374 878 2393 res
902 2366 967 2402 ipsa
984 2368 1126 2402 negatura
1145 2364 1192 2392 sit.
1230 2365 1271 2399 14,
1284 2365 1310 2392 6.
1336 2365 1377 2398 26,
1393 2365 1435 2392 10.
1462 2365 1505 2398 32,
1517 2365 1543 2393 3.
1568 2365 1646 2399 28,3,
1656 2365 1682 2393 9.
1706 2365 1730 2397 5,
1744 2364 1785 2391 10.
1810 2364 1853 2397 25,
1866 2364 1892 2396 8.

225 2408 271 2441 46,
285 2408 326 2435 12.
350 2408 392 2441 29,
404 2408 484 2441 2,10.
510 2408 552 2441 14,
566 2409 591 2435 2.
616 2408 658 2440 30,
673 2408 715 2440 25,
730 2408 754 2435 7.
777 2408 819 2441 35,
835 2409 876 2441 10,
889 2409 915 2435 6.
945 2409 986 2442 19,
999 2410 1025 2436 6.
1050 2409 1092 2441 23,
1105 2408 1130 2435 6.
1155 2408 1197 2441 25,
1212 2409 1254 2435 12.
1278 2409 1320 2442 26,
1335 2409 1377 2436 10.
1402 2409 1443 2441 27,
1464 2409 1498 2436 16
1526 2409 1602 2437 duae
1631 2418 1677 2437 res
1707 2408 1893 2443 perculerunt

226 2460 300 2480 eum.
334 2451 410 2486 49,4
434 2461 508 2489 quae
532 2461 578 2480 res
602 2451 777 2480 Antiochum
804 2455 833 2480 et
851 2451 970 2481 Aetolos
995 2452 1217 2481 coniunxissent.
1252 2452 1294 2486 36,
1309 2452 1350 2486 26,
1364 2452 1390 2480 3.
1414 2452 1456 2486 37,
1472 2453 1496 2486 1,
1509 2452 1535 2481 9.
1562 2453 1603 2487 10,
1617 2453 1659 2480 10.
1684 2452 1726 2485 23,
1743 2452 1785 2479 10.
1811 2451 1854 2485 33,
1867 2452 1893 2480 5.

224 2496 270 2528 49,
281 2496 306 2522 6.
330 2497 371 2529 57,
385 2496 411 2523 9.
438 2496 480 2529 38,
495 2496 537 2529 14,
550 2497 575 2523 9.

1684 2549 1718 2576 2*
