2090 2958
1012 264 1054 297 10

190 363 294 396 ambit
306 362 330 403 ¹)
367 361 455 394 latos
490 362 580 393 sinus
610 385 617 392 .
647 385 654 392 .
689 360 921 404 complectens.
965 359 1025 403 IV,
1041 361 1090 403 12,
1105 361 1125 394 8
1148 372 1249 405 quam
1272 361 1330 402 (sc.
1363 361 1517 402 insulam)
1545 371 1636 393 mare
1667 360 1820 394 Oceanus
1845 372 1869 394 a

193 414 313 453 fronte,
345 412 482 445 Rhenus
516 413 620 445 amnis
653 417 786 456 tergum
817 412 1013 445 circumluit.
1059 412 1110 455 15,
1128 413 1160 455 4,
1179 412 1201 445 5
1218 414 1323 446 amnis
1346 438 1354 445 .
1377 438 1385 446 .
1407 418 1537 458 partem
1559 423 1730 445 murorum
1752 413 1866 446 ambit.

189 466 221 508 2,
243 466 274 507 6,
292 465 333 497 13
355 464 492 496 Rhenus
515 489 522 496 .
546 489 553 495 .
575 463 723 496 modicas
745 464 870 496 insulas
908 464 1169 496 circumveniens
1192 489 1199 496 .
1224 489 1231 496 .
1257 465 1292 496 in
1327 464 1411 497 duos
1445 475 1557 497 amnes
1596 463 1770 506 dividitur,
1799 475 1865 496 ser-

190 521 316 562 vatque
347 528 469 550 nomen
499 542 506 549 .
535 541 560 559 .,
589 527 668 549 mox
705 514 740 548 id
784 526 918 561 quoque
947 515 1150 549 vocabulum
1184 516 1336 558 mutat.²)
1384 516 1434 559 12,
1453 516 1506 559 35,
1522 516 1543 549 2
1576 515 1726 549 obiectus
1760 515 1867 548 amnis

192 594 199 601 .
220 594 227 601 .
250 570 411 602 terrebat.
460 569 509 609 13,
525 569 576 610 39,
592 569 634 600 29
668 568 788 609 (amnis
809 568 954 609 Araxes)
979 569 1109 600 moenia
1140 567 1254 601 adluit.
1263 569 1290 609 ³)
1336 569 1368 602 G
1393 569 1454 610 1,9
1482 569 1657 602 Danuvius
1684 593 1692 600 .
1721 593 1728 600 .
1758 568 1865 612 pluris

189 620 335 665 populos
358 619 437 653 adit.
458 638 501 643 —
523 620 553 661 6,
568 619 620 661 37,
640 620 658 652 7
686 620 901 661 „nuntiavere
924 619 1060 651 accolae
1071 619 1265 663 Euphraten
1288 644 1295 651 .
1319 644 1326 651 .
1349 621 1544 652 immensum
1566 620 1683 661 attolli,
1707 619 1804 652 simul
1826 643 1833 650 .
1857 643 1866 650 .

192 674 228 707 in
250 672 388 706 modum
411 671 606 706 diadematis
630 672 762 705 sinuare
785 670 920 705 orbes“:
943 671 1002 705 ubi
1025 670 1090 705 loci
1112 676 1232 704 natura
1253 671 1412 717 postulat,
1443 677 1481 705 ut
1507 683 1609 716 agens
1630 671 1752 705 flumen
1772 669 1867 703 indu—

193 731 306 759 catur.
325 743 369 747 --
391 725 422 757 Α
448 725 553 763 12,2Ο
572 724 679 767 gignit
703 723 858 756 Oceanus
881 725 1072 767 margarita.
1117 723 1148 756 G
1173 725 1223 765 17,
1239 725 1259 757 8
1282 736 1365 768 quas
1393 725 1451 765 (sc.
1481 725 1611 766 beluas)
1642 750 1649 756 .
1673 749 1680 756 .
1712 723 1868 757 Oceanus

192 783 294 822 atque
320 802 327 809 .
351 803 358 809 .
381 787 471 809 mare
493 776 608 820 gignit.
643 775 685 818 V,
701 775 787 818 6,15
807 776 901 809 lacus
925 801 932 808 .
956 801 963 808 .
985 776 1094 820 pisces
1117 801 1124 808 .
1145 801 1152 808 .
1177 776 1269 818 (non)
1292 776 1428 820 patitur.
1473 776 1559 818 6,17
1581 776 1731 809 bitumen
1761 775 1870 819 egerit

195 830 254 870 (sc.
288 829 404 869 lacus).
456 828 487 861 G
508 828 562 869 44,
577 828 618 860 15
651 828 797 860 hostium
831 829 984 860 incursus
1020 828 1174 871 prohibet
1197 827 1359 861 Oceanus.
1404 827 1467 870 ΙΙΙ,
1484 828 1533 870 17,
1551 829 1571 861 8
1600 829 1656 872 qui
1688 828 1805 869 (rivus)
1827 852 1834 859 .
1858 852 1868 859 .

194 880 310 925 fugam
346 878 557 924 impediebat.
602 879 633 918 2,
648 879 701 920 23,
716 879 737 911 6
774 879 896 911 fluctus
926 884 1141 924 prospectum
1181 878 1336 921 adimere,
1361 879 1510 922 regimen
1544 879 1714 923 impedire.
1757 878 1870 920 23,14

196 939 307 966 aestus
330 932 446 965 eodem
469 943 535 975 quo
559 937 680 964 ventus
703 931 842 975 ferebat.
876 932 939 974 111,
952 932 1004 974 69,
1020 932 1063 964 28
1084 931 1242 965 hibernus
1264 932 1370 965 imber
1392 957 1399 964 .
1423 957 1430 964 .
1455 931 1570 965 oculos
1593 957 1600 964 .
1625 957 1632 965 .
1655 930 1870 976 impediebat.

198 984 305 1026 77,13
335 994 426 1015 mare
459 983 570 1014 hausit
601 983 658 1023 (sc.
694 984 820 1023 naves).
873 983 915 1024 V,
938 983 991 1024 23,
1015 984 1054 1014 17
1084 984 1188 1014 amnis
1218 1008 1225 1014 .
1255 1008 1262 1014 .
1287 983 1445 1014 humilem
1473 983 1616 1015 insulam
1642 1008 1650 1014 .
1677 1008 1684 1014 .
1708 983 1870 1026 opplevit.

198 1036 227 1079 1,
243 1036 294 1078 76,
311 1036 327 1067 1
353 1034 485 1067 Tiberis
503 1033 605 1079 plana
627 1034 720 1067 urbis
743 1039 966 1078 stagnaverat.
988 1052 1032 1057 —
1056 1033 1107 1076 13,
1121 1034 1174 1077 57,
1192 1034 1233 1066 14
1253 1035 1347 1078 ignes
1373 1059 1380 1066 .
1406 1059 1414 1066 .
1441 1034 1534 1067 vicos
1564 1034 1688 1079 passim
1712 1033 1868 1077 corripie-

195 1089 277 1121 bant
299 1088 558 1129 ferebanturque
579 1087 614 1118 in
635 1111 642 1118 .
667 1111 674 1118 .
699 1087 849 1119 coloniae
868 1088 1007 1119 moenia.
1054 1087 1104 1128 15,
1120 1087 1172 1128 38,
1190 1087 1210 1119 6
1232 1087 1318 1129 ignis
1341 1111 1348 1118 .
1371 1112 1378 1118 .
1400 1085 1642 1129 longitudinem
1666 1087 1745 1119 circi
1768 1086 1869 1118 corri-

191 1140 273 1184 puit.
321 1138 371 1180 18,
388 1138 406 1171 7
431 1138 584 1182 quamvis
603 1163 610 1170 .
634 1162 641 1170 .
665 1149 768 1170 naves
797 1163 804 1170 .
834 1162 840 1169 .
871 1137 1029 1170 fortuitus
1062 1138 1149 1181 iguis
1184 1138 1430 1182 absumpsisset.
1474 1137 1534 1179 IV,
1547 1137 1600 1180 54,
1615 1138 1635 1170 8
1657 1137 1738 1170 nihil
1762 1148 1869 1181 aeque

196 1202 294 1235 quam
329 1190 518 1222 incendium
553 1188 727 1234 Capitolii,
761 1195 800 1222 ut
827 1215 834 1222 .
864 1214 888 1231 .,
919 1190 1094 1234 inpulerat.
1140 1190 1192 1228 60,
1217 1190 1257 1222 18
1288 1196 1426 1222 cunctos
1453 1215 1460 1222 .
1486 1215 1494 1222 .
1526 1189 1715 1222 incendium
1749 1190 1869 1223 hausit.

195 1243 245 1284 15,
260 1242 312 1284 38,
327 1242 347 1274 9
378 1241 568 1274 incendium
597 1241 756 1274 inferiora
786 1241 1006 1286 (populatur).
1034 1259 1079 1263 —
1107 1241 1138 1283 2,
1153 1242 1205 1283 23,
1222 1242 1262 1274 12
1290 1243 1346 1285 qui
1370 1242 1428 1282 (sc.
1451 1243 1576 1283 auster)
1600 1267 1607 1273 .
1631 1267 1638 1274 .
1660 1243 1773 1286 rapuit
1803 1241 1868 1274 dis-

194 1295 339 1339 iecitque
373 1305 485 1327 naves.
524 1294 554 1335 6,
570 1293 622 1336 33,
639 1293 680 1326 14
701 1293 861 1326 hibernus
884 1299 996 1327 auster
1018 1293 1162 1326 revolvit
1185 1293 1315 1327 fluctus.
1352 1293 1383 1336 2,
1397 1293 1480 1334 54‚7
1506 1305 1600 1327 sacra
1616 1293 1870 1327 Samothracum

191 1348 301 1379 visere
339 1347 499 1378 nitentem
536 1346 627 1378 obvii
661 1346 834 1389 aquilones
871 1345 1040 1390 depulere.
1092 1346 1145 1388 55,
1169 1346 1211 1378 14
1239 1357 1314 1379 cum
1352 1352 1426 1379 orta
1462 1351 1642 1390 tempestas
1671 1352 1805 1391 raperet
1834 1347 1869 1379 in

191 1399 337 1443 abrupta
361 1399 418 1439 (sc.
441 1398 634 1439 inimicum).
680 1398 732 1439 26,
748 1398 768 1431 9
802 1398 1013 1440 meminisset,
1048 1409 1133 1442 quae
1168 1399 1259 1431 venti
1293 1403 1327 1431 et
1348 1398 1469 1431 fluctus
1484 1398 1651 1432 ..damna
1673 1398 1870 1432 intulissent.

192 1451 301 1482 Multo
327 1450 487 1482 audacius
508 1450 591 1481 haee
614 1449 681 1481 duo
706 1450 915 1482 substantiva
938 1450 1109 1481 coniunxit
1132 1461 1207 1481 011111
1227 1450 1331 1482 verbo
1356 1449 1569 1493 delinquendi
1592 1450 1683 1493 quod
1705 1451 1784 1483 alibi
1806 1452 1869 1483 nisi

196 1501 237 1535 de
261 1501 450 1535 hominibus
469 1513 536 1534 non
559 1500 691 1534 admisit
718 1501 769 1544 14,
784 1501 815 1543 3,
832 1501 873 1534 18
897 1511 995 1545 quem
1018 1499 1102 1534 adeo
1123 1501 1283 1545 iniquum,
1305 1506 1342 1534 ut
1362 1501 1478 1535 sceleri
1505 1501 1657 1546 adsignet
1672 1501 1763 1546 quod
1777 1503 1869 1535 venti

191 1561 224 1587 et
257 1554 378 1587 fluctus
413 1553 635 1597 deliquerint?
687 1553 759 1586 Nec
787 1554 895 1586 minus
928 1553 1109 1586 insolenter
1140 1554 1272 1586 locutus
1306 1560 1355 1587 est
1390 1553 1445 1597 lV,
1462 1554 1515 1596 26,
1539 1555 1558 1587 7
1589 1560 1778 1599 „tamquam
1808 1567 1870 1588 nos

195 1617 308 1639 amnes
330 1617 464 1649 quoque
487 1611 520 1637 et
541 1611 660 1638 vetera
684 1606 815 1649 imperii
837 1606 1042 1638 munimenta
1065 1604 1275 1638 desererent“
1303 1617 1368 1650 quo
1393 1617 1459 1638 uno
1483 1606 1558 1638 loco
1581 1606 1645 1639 hoc
1666 1607 1808 1639 verbum
1826 1606 1869 1639 ad

195 1669 250 1691 res
273 1657 451 1690 transtulit.
497 1656 693 1700 Comparari
725 1662 837 1701 potest
867 1657 895 1689 is
924 1657 1018 1689 locus
1046 1668 1145 1700 quem
1167 1658 1234 1690 iam
1255 1668 1357 1702 supra
1379 1658 1475 1690 attuli
1497 1657 1530 1690 A
1554 1658 1604 1700 10,
1618 1658 1662 1690 24
1686 1669 1870 1702 „nusquam

196 1710 298 1742 latius
335 1709 497 1741 dominari
536 1708 662 1741 mare“:
700 1720 742 1741 ne
768 1708 832 1741 hoc
859 1708 993 1753 quidem
1022 1709 1127 1741 verbo
1158 1709 1237 1742 alibi
1261 1710 1358 1741 simili
1379 1709 1478 1742 modo
1498 1721 1578 1742 usus
1600 1716 1657 1742 est.
1702 1709 1872 1742 Notabilis

196 1767 373 1805 praeterea
407 1765 456 1792 est
489 1760 599 1802 locus,
627 1760 684 1803 qui
711 1760 835 1803 legitur
865 1760 915 1801 16,
938 1760 988 1802 13,
1007 1760 1028 1792 3
1057 1766 1208 1802 „vastata
1234 1760 1416 1805 Campania
1445 1762 1578 1794 turbine
1601 1766 1789 1804 ventorum,
1811 1762 1869 1805 qui

192 1813 291 1846 villas
316 1838 323 1844 .
347 1837 354 1844 .
381 1811 510 1844 disiecit
531 1812 738 1856 pertulitque
759 1812 953 1845 violentiam
975 1811 1018 1844 ad
1040 1812 1151 1845 vicina
1172 1812 1268 1846 urbi“
1292 1813 1350 1846 ubi
1378 1812 1460 1845 nihil
1483 1812 1667 1858 impedivit,
1690 1814 1869 1857 quominus

195 1867 295 1899 etiam
316 1866 350 1898 in
372 1865 485 1910 priore
509 1865 670 1898 enuntiati
694 1870 791 1909 parte
812 1865 923 1898 activa
947 1866 1193 1899 constructione
1215 1871 1373 1899 uteretur.

351 1917 465 1949 Rebus
501 1917 716 1959 caelestibus,
754 1928 820 1960 quo
851 1918 885 1949 in
914 1928 1052 1949 numero
1090 1923 1166 1949 sunt
1196 1918 1256 1959 sol,
1277 1918 1366 1960 luna,
1389 1918 1508 1960 sidera,
1529 1917 1648 1950 deinde
1669 1919 1817 1950 tonitrua
1837 1923 1871 1950 et

196 1969 312 2010 nubes,
335 1968 499 2001 actionem
521 1968 639 2001 tribuit
660 1968 788 2011 III,23,
806 1969 844 2001 11
869 1968 975 2001 donec
995 1993 1002 2000 .
1026 1993 1033 2000 .
1055 1968 1135 2001 luna
1152 1993 1159 2001 .
1177 1994 1184 2001 .
1210 1968 1399 2002 ostenderet
1422 1970 1519 2002 acies.
1558 1969 1608 2012 13,
1623 1969 1676 2011 55,
1692 1969 1732 2002 16
1766 1968 1871 2001 solem

195 2021 380 2063 suspiciens
402 2026 435 2052 et
458 2026 569 2052 cetera
591 2020 701 2052 sidera
724 2032 849 2052 vocans
872 2021 967 2063 quasi
996 2032 1109 2052 coram
1138 2021 1378 2064 interrogabat,
1401 2021 1568 2053 vellentne
1592 2022 1742 2054 contueri
1773 2022 1871 2053 inane

197 2072 322 2105 solum:
356 2071 468 2115 potius
501 2082 592 2103 mare
621 2070 901 2116 superfunderent
923 2070 1083 2104 adversus
1105 2076 1271 2105 terrarum
1294 2077 1473 2116 ereptores.
1517 2071 1661 2104 Videtur
1688 2071 1752 2104 hoc
1784 2072 1869 2104 inso—

197 2125 306 2157 lenter
328 2123 456 2156 dictum
478 2134 564 2164 esse,
590 2123 649 2156 sed
671 2123 753 2156 nihil
774 2123 877 2157 habet
900 2124 1079 2167 singulare,
1101 2124 1258 2167 quoniam
1282 2123 1335 2156 dei
1357 2125 1421 2169 ipsi
1436 2124 1684 2167 intelleguntur.
1721 2124 1771 2166 14,
1785 2124 1838 2167 22,
1851 2124 1868 2157 1

195 2176 285 2210 sidus
314 2181 460 2209 cometes
487 2175 620 2217 effulsit,
644 2174 685 2207 de
714 2186 780 2219 quo
801 2175 896 2218 vulgi
921 2176 1033 2219 opinio
1058 2180 1119 2217 est,
1141 2180 1313 2218 tamquam
1334 2176 1551 2209 mutationem
1573 2176 1662 2219 regis
1683 2175 1872 2219 portendat.

359 2279 381 2313 ¹)
401 2278 498 2305 Etiam
518 2277 664 2312 passivam
684 2279 776 2303 const.
795 2277 825 2303 in
844 2276 890 2303 his
909 2279 939 2303 et
956 2276 1064 2303 talibus
1083 2276 1237 2303 admissam
1254 2284 1316 2304 esse
1334 2276 1464 2304 videmus
1482 2285 1516 2304 ex
1534 2276 1602 2304 Lex.
1621 2277 1690 2304 Tac.

356 2322 379 2358 ²)
399 2321 433 2348 In
452 2320 552 2349 eodem
571 2321 722 2348 enuntiato
741 2329 768 2347 v.
788 2320 824 2348 18
841 2319 955 2356 vulgari
975 2319 1091 2347 dicendi
1108 2328 1215 2356 genere
1231 2328 1300 2347 usus
1332 2323 1390 2348 est:
1418 2328 1501 2348 verso
1525 2323 1713 2357 cognomento
1731 2320 1872 2349 Vahalem

199 2365 315 2393 accolae
333 2366 434 2393 dicunt
454 2366 473 2393 i.
492 2374 516 2393 e.
535 2365 652 2393 accolae
670 2367 822 2393 verterunt
839 2373 902 2401 cog.
922 2367 951 2392 et
970 2373 997 2401 q.
1016 2373 1038 2392 s.

356 2410 380 2445 ⁸)
406 2409 471 2436 Hoc
497 2418 555 2436 uno
580 2409 644 2436 loco
673 2409 795 2436 Tacitus
822 2408 861 2435 ab
889 2417 923 2435 ea
948 2408 1157 2435 consuetudine
1184 2408 1312 2441 dicendi,
1337 2417 1422 2444 quam
1446 2408 1516 2435 alibi
1535 2411 1650 2436 secutus
1668 2412 1718 2442 est,
1736 2410 1873 2437 recessit:

200 2451 357 2479 adluuntur
379 2453 453 2480 enim
471 2453 537 2481 aliis
556 2453 629 2481 locis
648 2456 759 2490 gentes,
776 2453 952 2489 provinciae,
974 2453 1035 2481 sim.
1054 2452 1126 2479 mari
1146 2450 1183 2479 ef.
1202 2450 1270 2479 Lex.
1289 2451 1359 2480 Tac.
1374 2451 1479 2480 Adicio
1502 2451 1529 2480 A
1546 2452 1586 2486 10,
1599 2452 1616 2480 9
1634 2452 1873 2489 septentrionalia

200 2495 394 2532 (Britanniae)
413 2517 419 2523 .
439 2517 445 2523 .
464 2501 565 2532 aperto
584 2498 657 2524 mari
675 2498 836 2532 pulsantur.
873 2498 981 2525 Caesar
998 2497 1027 2524 b.
1046 2505 1070 2524 0.
1089 2497 1114 2530 2,
1128 2497 1151 2529 1,
1164 2496 1182 2523 3
1200 2497 1345 2532 passivam
1364 2500 1471 2524 constr.
1495 2497 1648 2532 praetulit:
1676 2497 1807 2525 Massilia
1832 2518 1839 2524 .
1862 2517 1872 2524 .

199 2539 272 2567 mari
290 2539 426 2566 adluitur.
444 2540 544 2568 Cicero
564 2544 717 2577 utrumque
739 2541 820 2568 dixit.
