2090 2958
1024 255 1069 291 20

205 354 290 386 tanti
323 365 419 386 casus
453 354 651 386 inlustravit.
681 370 725 376 -
762 353 793 394 6,
803 352 857 393 28,
869 353 908 384 17
942 351 1024 383 nihil
1055 352 1269 395 usurpavisse
1303 361 1345 382 ex
1376 350 1437 392 his,
1471 362 1558 394 quae
1589 357 1688 384 vetus
1723 351 1882 383 memoria

205 404 546 501 firmant-Exempla,
577 457 792 498 documenta,
825 458 1046 500 experientia,
1082 467 1162 488 usus
1185 456 1316 498 agentia
1343 454 1554 488 inducuntur.
1597 455 1657 497 IV,
1671 455 1701 496 8,
1716 455 1738 488 3
1767 461 1883 488 vetera

207 508 379 555 exempla,
403 521 490 556 quae
513 514 635 543 sortem
655 507 880 553 legationibus
900 507 1098 553 posuissent.
1143 506 1174 550 3,
1184 506 1237 550 50,
1250 506 1270 539 6
1292 505 1464 551 suppliciis
1487 517 1526 539 ac
1546 505 1701 538 remediis
1722 507 1883 550 principis

207 561 394 595 moderatio
409 564 638 605 maiorumque
655 567 689 594 et
703 567 817 594 vestra
833 560 988 604 exempla
1010 565 1198 604 temperant
1215 560 1324 601 (aliter
1338 559 1383 601 Π,
1395 559 1447 601 64,
1458 559 1500 601 7).
1529 558 1589 601 IV,
1602 559 1654 601 74,
1664 558 1706 592 23
1726 564 1884 593 moneant

205 622 268 644 vos
308 613 483 657 utriusque
519 612 673 644 fortunae
705 611 914 643 documenta.
970 610 1013 652 V,
1028 612 1059 652 6,
1076 612 1116 642 18
1139 612 1233 642 cuius
1266 611 1323 650 (sc.
1356 611 1539 650 bituminis)
1573 610 1704 652 legendi
1737 621 1834 641 usum
1849 634 1856 641 .
1873 633 1883 642 .

206 665 414 709 experientia
429 664 550 699 docuit.
590 663 641 707 12,
653 663 671 697 7
696 669 804 697 metus
823 668 924 708 atque
939 673 1020 696 usus
1034 661 1196 708 pleraque
1211 667 1447 696 monstravere.
1484 660 1589 695 Simili
1606 659 1705 694 modo
1720 659 1762 702 V,
1775 660 1825 704 15,
1841 661 1883 694 10

206 717 327 759 proelii
352 723 490 748 eventus
512 722 691 758 utrumque
715 716 834 747 ducem
859 740 866 746 .
889 739 896 746 .
921 716 1036 747 erexit.

366 776 513 811 Transeo
536 774 579 811 ad
607 775 706 810 aliam
732 786 813 809 rem.
853 773 967 821 Atque
990 774 1182 819 Draegerus
1204 774 1238 807 in
1260 784 1299 807 eo
1324 773 1421 817 libro,
1445 774 1538 807 cuius
1559 784 1660 819 supra
1681 774 1881 806 mentionem

206 830 283 870 feci,
306 830 553 871 diligentissime
577 830 732 871 exposuit
755 829 797 860 de
821 829 931 861 Taciti
955 829 1064 861 studio
1089 828 1246 860 orationis
1269 828 1450 860 variandae
1481 840 1586 871 eaque
1619 839 1705 870 quae
1743 827 1786 860 ad
1807 839 1880 860 eam

207 891 280 914 rem
315 880 481 926 pertinent
514 880 547 913 in
582 890 706 925 genera
736 878 874 924 digessit
907 879 947 912 cf.
975 880 1004 921 ξ.
1029 878 1101 911 233.
1145 877 1248 922 Fugit
1263 878 1289 919 ¹)
1323 883 1434 910 autem
1456 878 1621 911 hominem
1655 878 1880 910 doctissimum

207 935 400 967 variationis
438 933 608 976 quoddam
641 944 761 976 genus,
801 932 891 976 quod
924 944 1024 976 quam
1061 931 1204 964 maxime
1242 932 1400 964 orationis
1428 931 1586 964 Taciteae
1617 931 1790 975 proprium
1818 937 1876 965 est.

207 984 355 1016 Primum
389 984 476 1016 enim
510 994 549 1015 ea
587 985 746 1015 orationis
779 984 887 1015 forma
917 983 1053 1014 Tacitus
1085 983 1204 1023 utitur,
1233 988 1271 1013 ut
1299 984 1333 1013 in
1356 982 1473 1013 eodem
1497 984 1666 1014 enuntiato
1692 984 1878 1014 subiectum

207 1035 382 1080 personale
424 1035 515 1079 quod
557 1034 679 1068 dicitur
722 1040 880 1079 sequatur
917 1033 972 1066 vel
1013 1033 1194 1078 praecedat
1239 1044 1278 1066 ea
1313 1044 1381 1075 res,
1424 1044 1510 1078 quae
1556 1045 1657 1077 agens
1695 1033 1878 1076 inducitur3

206 1087 346 1118 verbum
392 1098 555 1130 personae
604 1092 637 1118 et
687 1088 735 1118 rei
781 1097 955 1118 commune
996 1086 1194 1129 plerumque
1238 1086 1272 1117 in
1317 1085 1382 1117 fine
1429 1087 1589 1118 enuntiati
1632 1087 1777 1129 positum
1819 1092 1877 1118 est.

207 1137 369 1183 Incipiam
393 1139 435 1172 ab
459 1149 498 1171 eo
521 1138 595 1171 loco
620 1149 719 1182 quem
741 1138 808 1171 iam
832 1138 866 1170 in
888 1138 981 1170 initio
1004 1136 1238 1182 disputationis
1262 1136 1424 1169 collocavi
1447 1135 1506 1177 IV,
1525 1137 1556 1179 9,
1578 1137 1651 1178 10²)
1683 1148 1776 1179 „eam
1806 1148 1876 1170 sen-

205 1191 343 1222 tentiam
381 1190 642 1223 modestissimus
670 1191 810 1234 quisque
833 1190 978 1223 silentio.
1006 1189 1125 1222 deinde
1157 1189 1281 1222 oblivio
1309 1189 1528 1231 transmisit“,
1554 1189 1611 1222 ubi
1633 1189 1821 1233 Madvigius
1843 1189 1878 1223 id

206 1241 297 1286 quod
329 1243 363 1274 in
395 1242 546 1275 Mediceo
585 1247 634 1275 est
670 1243 790 1275 iniuria
817 1242 968 1274 mutavit.
1017 1241 1116 1274 Nam·
1132 1242 1276 1286 primum
1298 1241 1355 1273 ille
1377 1240 1510 1273 videtur
1540 1242 1647 1274 minus
1669 1243 1878 1286 perspexisse

205 1293 361 1327 Tacitum
399 1306 470 1327 esse
510 1294 786 1327 studiosissimum
829 1295 988 1326 orationis
1033 1293 1228 1336 variandae,
1261 1292 1380 1325 deinde
1414 1294 1578 1326 sententia
1614 1294 1679 1326 loci
1715 1306 1781 1327 non
1819 1300 1878 1338 est,

205 1346 485 1380 modestissimum
521 1357 687 1391 quemque
720 1345 755 1379 id
793 1346 909 1390 egisse,
941 1352 979 1379 ut
1012 1347 1045 1379 in
1074 1346 1274 1379 oblivionem
1302 1347 1465 1379 sententia
1496 1341 1732 1389 adduceretur,
1761 1346 1819 1380 sed
1843 1347 1879 1381 id

208 1398 347 1431 Tacitus
368 1399 459 1441 dicit,
483 1411 556 1431 eam
581 1398 743 1431 excidisse
761 1410 804 1431 ex
822 1399 982 1431 memoria
1004 1399 1173 1431 hominum
1202 1399 1279 1431 etin
1307 1398 1510 1431 oblivionem
1531 1399 1669 1431 venisse.
1713 1399 1746 1432 D
1771 1400 1821 1442 13,
1836 1401 1879 1433 22

205 1460 273 1481 non
308 1461 361 1481 me
396 1449 548 1482 fremitus
586 1449 801 1481 salutantium
829 1460 890 1481 nec
917 1450 1076 1481 anhelans
1098 1450 1238 1481 libertus
1269 1450 1401 1481 excitet.
1445 1450 1499 1491 41,
1513 1450 1535 1482 5
1556 1450 1798 1494 (municipium)
1821 1458 1879 1484 aut

206 1501 335 1533 vicinus
369 1501 515 1545 populus
549 1507 606 1534 aut
640 1500 822 1534 domestica
848 1500 1014 1533 discordia
1041 1501 1155 1544 agitat.
1201 1500 1233 1534 G
1254 1501 1283 1542 7,
1298 1501 1319 1533 9
1346 1512 1413 1534 non
1441 1512 1536 1534 casus
1556 1512 1618 1534 nec
1642 1501 1780 1535 fortuita
1803 1514 1877 1536 con-

205 1552 356 1596 globatio
380 1558 544 1586 turmam.
562 1579 568 1585 .
583 1553 674 1595 facit,
696 1552 754 1585 sed
778 1552 932 1585 familiae.
976 1552 1068 1595 1,16‚
1085 1553 1125 1585 13
1141 1552 1333 1594 (Neronem)
1354 1564 1420 1585 non
1443 1552 1577 1586 Vindex
1599 1579 1606 1586 .
1629 1579 1636 1586 .
1660 1559 1718 1587 aut
1740 1566 1802 1598 ego
1826 1581 1833 1588 .
1857 1581 1880 1598 .,

205 1603 265 1636 sed
283 1615 343 1636 sua
366 1605 562 1645 immanitas,
581 1615 641 1636 sua
663 1604 796 1636 luxuria
820 1604 1006 1636 cervicibus
1028 1605 1173 1648 publicis
1196 1604 1403 1648 depulerunt.
1448 1605 1500 1646 30,
1515 1606 1552 1637 11
1577 1605 1721 1638 Galbam
1744 1618 1878 1640 consen—

207 1666 263 1688 sus
285 1656 416 1699 generis
434 1655 579 1698 humani,
603 1666 655 1688 me
679 1655 790 1688 Galba
813 1656 1094 1689 consentientibus
1121 1656 1218 1688 vobis
1238 1655 1414 1688 Caesarem
1438 1656 1530 1689 dixit.
1574 1657 1627 1698 40,
1647 1658 1686 1689 11
1715 1670 1776 1691 nec
1804 1659 1879 1692 illos

207 1706 364 1752 Capitolii
402 1707 580 1751 adspectus
619 1713 651 1740 et
682 1733 689 1740 .
720 1733 727 1739 .
756 1708 958 1752 templorum
984 1708 1102 1751 religio
1133 1714 1166 1740 et
1194 1709 1323 1752 priores
1351 1714 1384 1740 et
1407 1708 1510 1741 futuri
1531 1710 1700 1754 principes
1721 1715 1879 1744 terruere.

208 1760 261 1800 84,
274 1760 315 1791 21
342 1760 389 1791 sic
404 1759 442 1791 fit
465 1765 502 1791 ut
525 1759 601 1791 hinc
622 1771 676 1791 res
691 1760 837 1803 publica,
858 1759 935 1791 inde
958 1760 1069 1792 hostes
1091 1761 1139 1792 rei
1156 1760 1312 1803 publicae
1328 1761 1543 1793 constiterint.
1564 1761 1609 1802 II,
1622 1762 1674 1803 81,
1687 1762 1728 1794 14
1750 1767 1880 1796 tantum

204 1836 213 1844 .
237 1836 245 1843 .
263 1810 414 1855 peditum
436 1836 444 1843 .
469 1836 476 1842 .
500 1816 533 1843 et
555 1836 563 1843 .
582 1836 589 1843 .
612 1822 729 1855 regum
752 1817 890 1855 paratus
913 1812 1055 1855 speciem
1082 1811 1236 1844 fortunae
1252 1812 1445 1856 principalis
1461 1811 1648 1845 effecerant.
1683 1813 1767 1853 92,5
1794 1825 1880 1858 quae

210 1864 267 1903 (sc.
303 1862 392 1903 odia)
428 1888 435 1894 .
472 1888 478 1894 .
509 1864 658 1906 pravitas
691 1864 872 1896 amicorum
909 1870 941 1896 et
978 1863 1121 1896 fecunda
1155 1863 1329 1907 gignendis
1363 1865 1542 1897 inimicitiis
1579 1865 1696 1897 civitas
1732 1873 1878 1900 auxerat.

207 1914 269 1956 ΙΠ,
292 1915 322 1955 6,
350 1914 370 1946 3
404 1914 546 1957 gloriam
583 1915 612 1946 ei
650 1914 719 1946 dux
755 1913 902 1947 Corbulo
939 1921 971 1947 et
1000 1926 1210 1959 prosperae.
1236 1940 1243 1947 .
1264 1926 1318 1947 res
1347 1915 1568 1947 addiderant.v
1599 1917 1648 1957 11,
1666 1917 1705 1948 13
1728 1928 1788 1949 nec
1811 1924 1879 1950 tarn

209 1966 340 1999 Primus
363 1972 395 1999 et
417 1965 614 2010 Aponianus
642 1992 649 1999 .
678 1993 685 2000 .
715 1967 867 2012 eripuere
898 1967 1127 2010 Saturninum,
1155 1979 1255 2011 quam
1282 1968 1469 2000 obscuritas
1497 1966 1709 2001 latebrarum.
1761 1968 1812 2012 38,
1838 1971 1879 2004 17

209 2029 307 2061 quem
336 2023 387 2050 tot
406 2017 626 2050 Germanicae
638 2019 796 2061 legiones,
817 2025 868 2051 tot
883 2021 1075 2063 provinciae
1091 2021 1216 2052 virtute
1239 2032 1278 2052 ac
1302 2019 1378 2059 fide,
1400 2024 1529 2051 tantum
1552 2019 1693 2063 denique
1714 2027 1879 2055 terrarum

210 2082 249 2102 ac
270 2070 371 2103 maris
395 2095 402 2102 .
426 2095 432 2102 .
457 2075 577 2103 arceat.
622 2070 682 2114 IV,
696 2071 749 2113 57,
775 2072 812 2103 12
834 2071 978 2105 Galbam
1007 2077 1040 2104 et
1067 2071 1210 2103 infracta
1237 2071 1365 2103 tributa
1391 2069 1527 2103 hostiles
1557 2072 1692 2116 spiritus
1724 2072 1878 2107 induisse.

210 2122 239 2163 1,
249 2122 334 2163 42,2
356 2122 450 2154 illum
473 2134 533 2154 sua
555 2124 719 2164 maiestas,
742 2124 918 2167 imperium
938 2124 1125 2156 Romanum
1159 2124 1260 2156 ceteri
1292 2123 1456 2155 exercitus
1479 2122 1664 2158 defendent.
1708 2126 1739 2168 2,
1764 2127 1813 2169 11,
1838 2127 1880 2160 14

211 2178 337 2206 ceteros
359 2174 410 2205 vis
434 2184 493 2205 sua
514 2179 572 2206 aut
597 2175 725 2217 equites
756 2184 765 2206 .·
795 2199 802 2206 .
835 2175 1068 2206 subvenientes
1099 2174 1249 2218 periculo
1283 2185 1442 2206 exemere.
1487 2176 1538 2217 77,
1554 2177 1595 2208 10
1616 2182 1653 2209 ut
1674 2183 1708 2209 te
1731 2202 1738 2209 .
1758 2202 1765 2209 .
1788 2178 1877 2210 inde-

210 2224 338 2257 fensum
359 2226 515 2270 planctus
528 2225 737 2270 Agrippinae
752 2237 791 2258 ac
814 2226 936 2269 vulgus
958 2227 1149 2270 imperitum
1172 2227 1279 2270 primo
1302 2237 1434 2259 rumore
1456 2228 1597 2272 rapiant.
1648 2228 1754 2261 Paulo
1783 2229 1881 2263 aliter

209 2276 337 2318 4‚12,4
359 2277 450 2320 quod
472 2278 674 2321 principium
706 2278 831 2309 favoris
855 2283 887 2309 et
911 2283 1018 2309 mater
1040 2277 1228 2321 Agrippina
1249 2290 1341 2322 spem
1371 2279 1457 2311 male
1485 2286 1601 2323 tegens
1618 2282 1800 2324 perniciem
1823 2282 1879 2315 ad-

212 2327 406 2361 celeravere.
453 2329 503 2371 15,
515 2329 568 2372 50,
583 2329 626 2361 23
649 2329 703 2362 hic
727 2329 857 2362 occasio
880 2328 1077 2372 solitudinis,
1099 2329 1145 2362 ibi
1168 2330 1240 2374 ipsa
1263 2330 1448 2374 frequentia
1477 2357 1484 2364 .
1511 2357 1518 2364 .
1549 2332 1693 2365 animum
1724 2334 1879 2367 exstimu-

208 2481 253 2509 Iv
346 2439 398 2509 2:32)
410 2439 497 2467 Aliud
516 2440 687 2468 variationis
708 2449 801 2477 genus
819 2449 837 2468 a
856 2440 1007 2477 Draegero
1026 2442 1258 2476 praetermissum
1277 2442 1442 2470 observavit
1460 2442 1592 2471 Greefius
1615 2444 1645 2471 in
1668 2444 1787 2478 „PhiloL
1806 2444 1880 2471 Anz.

254 2502 261 2514 ‚
279 2491 328 2517 pg-
401 2484 424 2509 “-

369 2534 392 2570 ¹)
415 2534 451 2561 ef.
473 2535 535 2562 Liv.
554 2536 596 2569 28,
610 2536 652 2569 29,
666 2537 683 2563 5
705 2536 821 2564 auferat
844 2537 940 2564 omnia
960 2557 966 2563 .
986 2557 992 2563 .
1012 2537 1128 2569 oblivio.
1148 2538 1171 2564 si
1199 2541 1301 2573 potest,
1321 2538 1345 2565 si
1364 2547 1435 2571 non,
1455 2542 1608 2575 utrumque
1626 2539 1770 2567 silentium
1789 2543 1881 2576 tegat.
