2090 2958
1042 227 1082 260 19

224 321 471 364 distinebant1).
516 322 558 355 cf.
578 322 675 365 A45,
685 322 708 355 4
729 323 817 355 intra
839 321 1008 355 Albanam
1029 334 1140 356 arcem
1162 324 1325 356 sententia
1348 323 1517 357 Messalini
1542 324 1722 369 strepebat.
1766 324 1798 367 2,
1810 324 1864 368 36,
1876 324 1899 358 6

223 374 314 406 haud
336 374 474 407 dubium
504 380 575 408 erat
606 387 679 408 eam
702 376 898 407 sententiam
925 374 1025 408 altius
1057 381 1242 419 penetrare.
1265 395 1307 400 —
1332 376 1382 418 14,
1393 376 1446 418 22,
1460 376 1478 408 7
1502 377 1595 409 auxit
1624 387 1791 410 rumorem
1821 378 1897 437 pari

223 426 371 459 vanitate
394 431 466 460 orta
489 427 719 472 interpretatio
735 426 886 487 fulguris.
932 427 983 470 16,
996 427 1025 470 1,
1038 427 1058 460 9
1081 432 1119 460 ut
1134 427 1325 460 coniectura
1340 427 1554 461 demonstrat.
1576 446 1620 451 —
1642 427 1718 470 A9,
1729 428 1772 462 20
1793 440 1894 462 comi·

222 483 316 511 tante
349 480 503 523 opinione
535 480 742 513 Britanniam
777 480 807 512 ei
841 480 1049 523 provinciam
1082 479 1163 512 dari.
1220 480 1394 522 15,20,16
1422 481 1518 513 nobis
1552 481 1664 525 opinio
1699 453 1872 515 decedat..

222 529 268 572 II,
281 531 310 573 1,
324 531 362 563 11
385 531 579 575 (augebant)
595 532 718 564 famam
732 556 740 564 .
756 556 763 563 .
778 542 942 575 praesaga
963 542 1133 575 responsa.
1176 531 1219 573 V,
1234 532 1284 574 13,
1295 532 1315 564 9
1340 542 1426 575 quae
1442 532 1600 575 ambages
1614 557 1622 564 .
1640 557 1648 564 .
1664 532 1778 565 Titum
1799 545 1894 577 prac-

223 581 363 616 dixerat.
409 584 501 626 1,70,
516 584 555 617 13
586 595 653 617 non
681 595 749 616 vox
779 588 812 616 et
841 583 947 616 mutui
977 582 1129 616 hortatus
1157 584 1318 617 iuvabant
1348 582 1546 617 adversante
1569 583 1668 617 unda.
1712 584 1774 627 ΠΙ,
1785 585 1837 627 50,
1853 586 1894 619 18

223 635 313 679 ipsos
328 636 550 669 ..seditiosae
576 636 718 669 militum
748 647 849 668 voces
876 635 1056 668 terrebant.
1114 636 1259 678 14,45,2
1290 635 1441 668 dissonae
1470 647 1571 669 voces
1601 636 1847 681 respondebant
1862 663 1870 670 .
1886 662 1896 671 .

214 686 441 736 ,plurimorum
471 687 642 720 indubiam
674 688 897 721 innocentiam
933 688 1159 720 miserantium
1193 688 1235 721 cf.
1268 688 1318 730 15,
1333 688 1385 728 20,
1399 688 1428 721 3.
1466 688 1643 730 13,15,14
1677 690 1895 732 urguentibus

221 739 429 785 Agrippinae
452 741 556 773 minis.
592 740 655 783 ΠΙ,
666 740 718 783 32,
731 741 771 773 18
794 739 920 773 vernile
942 739 1068 772 dietum
1090 752 1219 773 omnem
1242 740 1400 774 invidiam
1424 741 1459 774 in
1478 752 1555 774 eum
1572 741 1683 775 vertit.
1731 741 1780 784 15,
1791 741 1842 784 68,
1855 742 1896 775 15

222 804 308 836 quae
321 793 378 834 (sc.
387 793 540 834 facetiae)
553 793 611 826 ubi
626 793 768 825 multum
783 803 826 825 ex
839 803 920 825 vero
936 797 1079 834 traxere,
1095 803 1205 825 acrem
1222 793 1272 825 sui
1288 793 1481 825 memoriam
1493 793 1695 837 relinquunt.
1731 793 1792 826 His
1809 793 1895 827 adici

221 851 361 889 possunt
375 846 485 888 14,57,
495 846 533 879 17
548 844 724 890 adsumpta
737 871 744 878 .
756 871 763 878 .
777 844 966 878 Stoicorum
977 843 1173 889 adrogantia
1189 850 1356 889 sectaque,
1372 856 1458 889 quae
1471 844 1624 878 turbidos
1640 851 1673 878 et
1686 847 1894 890 negotiorum

221 897 415 941 adpetentes
438 898 548 931 faciat.
594 898 644 940 16,
655 898 707 939 22,
720 897 762 930 23
789 898 853 930 ista
875 897 933 938 (sc.
960 896 1161 939 Stoicorum)
1187 903 1287 930 secta.
1307 896 1502 930 Tuberones
1526 903 1559 930 et
1582 898 1750 931 Favonios
1771 899 1894 942 genuit.

376 949 542 994 Sequatur
563 961 642 982 usus
664 949 805 991 famae2)
830 948 885 990 (cf.
896 948 978 982 Lex.
992 948 1095 991 Tae),
1117 950 1275 985 rumoris.
1298 950 1412 982 nuntii.
1458 949 1490 982 D
1508 950 1592 991 10,4
1615 949 1704 982 fama
1725 951 1760 983 in
1777 951 1894 984 urbem

220 1007 382 1045 penetrat.
414 1003 442 1044 1,
451 1002 503 1044 69,
514 1003 530 1034 1
543 996 738 1045 pervaserat
750 1026 757 1033 .
771 1026 778 1033 .
790 1001 888 1033 fama.
917 1002 968 1043 70,
975 1001 1018 1033 22
1029 1006 1173 1044 vagante
1185 1001 1274 1033 fama
1287 1002 1475 1034 submersas
1486 1002 1544 1042 (sc.
1552 1001 1723 1045 legiones).
1756 1002 1806 1044 12,
1812 1002 1894 1044 36‚4

220 1052 310 1086 fama
332 1054 401 1086 eius
432 1060 549 1087 evecta
576 1052 700 1086 insulas
731 1058 764 1085 et
793 1052 963 1097 proximas
992 1053 1181 1097 provincias
1211 1058 1404 1097 pervagata.
1428 1071 1471 1075 —
1492 1052 1567 1095 A9,
1579 1053 1622 1085 22
1652 1053 1742 1086 haud
1764 1065 1894 1098 semper

220 1111 310 1138 errat
330 1106 432 1148 fama,
457 1106 636 1150 aliquando
661 1111 694 1138 et
717 1105 825 1149 elegit.
869 1104 903 1137 D
916 1105 1024 1147 24,13
1046 1105 1122 1138 illos
1150 1105 1239 1138 fama
1271 1116 1331 1138 sua
1355 1104 1478 1138 laudat.
1522 1106 1554 1147 3,
1567 1106 1620 1148 26,
1634 1106 1676 1139 10
1698 1105 1786 1139 fama
1810 1106 1892 1139 cele—

219 1157 331 1190 bravit
362 1156 569 1191 Cretensium
597 1158 654 1199 (sc.
676 1157 790 1200 leges).
845 1156 973 1203 G34‚-8
991 1182 998 1189 .
1014 1182 1022 1190 .
1036 1157 1125 1190 fama
1157 1157 1316 1201 volgavit.
1368 1157 1395 1200 I,
1409 1158 1462 1194 41,
1478 1159 1504 1190 1.
1538 1158 1628 1200 Π,3,
1644 1158 1672 1190 1.
1706 1157 1830 1200 1V,84‚
1844 1159 1892 1191 13.

217 1210 250 1253 4,
263 1210 315 1253 67,
331 1210 371 1244 14
393 1210 540 1244 Graecos
566 1222 604 1244 ea
623 1210 767 1244 tenuisse
784 1208 919 1244 ..fama
937 1208 1062 1243 tradit..
1092 1208 1183 1252 I,85,
1199 1210 1239 1243 12
1260 1216 1298 1243 ut
1321 1221 1486 1254 quemque
1514 1211 1667 1243 nuntium
1690 1209 1778 1243 fama
1800 1210 1891 1244 adtu-

218 1262 318 1295 lisset.
360 1264 388 1304 1,
401 1264 484 1305 5,17
509 1264 688 1296 excessisse
703 1262 894 1305 Augustum
909 1286 916 1293 .
933 1286 940 1293 .
956 1261 1045 1293 fama
1069 1261 1184 1294 eadem
1207 1263 1292 1295 tulit.
1316 1281 1359 1285 —
1380 1263 1407 1302 I,
1422 1263 1472 1304 14,
1487 1266 1526 1296 10
1549 1263 1639 1295 fama
1662 1263 1798 1296 consilio
1822 1264 1892 1295 eius

218 1313 319 1347 fidem
345 1314 527 1347 addiderat.
570 1314 736 1356 II,78,20
764 1313 824 1346 has
856 1313 1013 1355 ambages
1028 1338 1035 1344 .
1051 1338 1058 1345 .
1076 1319 1254 1357 exceperat
1287 1314 1376 1346 fama
1401 1320 1433 1346 et
1455 1320 1535 1347 tunc
1565 1315 1746 1358 aperiebat.
1805 1315 1854 1356 16,
1870 1315 1892 1347 2

217 1366 342 1400 insulas
369 1367 458 1400 fama
488 1367 635 1400 victricis
667 1366 780 1399 classis
808 1366 842 1398 in
871 1365 1023 1410 partibus
1047 1364 1187 1398 Othonis
1218 1367 1333 1399 tenuit.
1377 1366 1439 1408 III,
1452 1366 1503 1408 78,
1515 1366 1557 1399 22
1587 1366 1713 1399 obsessi
1734 1365 1889 1411 Capitolii

217 1418 307 1451 fama
330 1424 467 1452 cunctos
482 1444 489 1451 .
506 1444 513 1451 .
531 1419 690 1460 (excivit).
737 1418 787 1460 15,
800 1418 852 1459 33,
867 1418 908 1450 10
929 1429 1012 1461 quos
1034 1417 1124 1450 fama
1139 1419 1315 1450 acciverat.
1360 1419 1391 1460 2,
1402 1419 1455 1460 25,
1470 1420 1485 1450 1
1512 1419 1601 1451 fama
1622 1419 1737 1451 classis
1753 1420 1890 1451 amissae

217 1496 225 1503 .
242 1496 249 1503 .
265 1470 449 1503 Germanos
480 1470 522 1503 ad
557 1482 650 1515 spem
680 1470 761 1503 belli
777 1495 784 1502 .
799 1495 807 1502 .
824 1470 939 1502 erexit.
983 1469 1133 1502 Eandem
1153 1471 1316 1503 rationem
1338 1477 1522 1514 sequuntur
1543 1482 1691 1513 „rumor,
1727 1463 1889 1503 nuntius“.

217 1522 347 1566 A43,6
376 1524 520 1567 augebat
550 1523 794 1556 miserationem
822 1527 975 1556 constans
1009 1533 1131 1555 rumor.
1192 1522 1341 1565 15‚15‚4
1374 1522 1502 1556 addidit
1531 1534 1646 1559 rumor
1680 1523 1741 1557 sub
1775 1524 1888 1566 iugum

215 1576 332 1608 missas
356 1575 511 1619 legiones.
557 1575 664 1609 Multo
689 1575 848 1608 audacius
864 1581 914 1608 est
939 1574 1029 1619 quod
1051 1575 1218 1609 invenitur
1240 1575 1302 1617 ΠΙ,
1316 1576 1400 1618 75,6
1423 1576 1582 1608 sermonis
1602 1576 1723 1608 nimius
1746 1582 1816 1608 erat
1831 1576 1887 1616 (sc.

216 1626 387 1669 Sabinus):
410 1627 444 1659 id
467 1639 569 1660 unum
587 1653 594 1660 .
613 1653 619 1660 .
636 1628 854 1660 calumniatus
887 1632 937 1660 est
966 1638 1089 1659 rumor.
1136 1627 1273 1671 Semper
1297 1627 1449 1660 absolute
1480 1627 1564 1661 dixit
1592 1628 1729 1661 Tacitus
1758 1639 1890 1669 „rumor

215 1678 354 1721 incedit,
377 1679 529 1712 incessit“
546 1698 589 1702 —
603 1680 667 1713 hoc
692 1681 725 1712 in
747 1680 931 1712 minoribus
953 1679 1048 1711 libris
1073 1685 1106 1711 et
1127 1679 1271 1712 historiis
1292 1691 1359 1712 non
1382 1680 1505 1723 legitur
1520 1699 1563 1704 -—
1587 1681 1616 1720 1,
1627 1680 1658 1721 5,
1670 1680 1699 1712 2.
1732 1679 1763 1720 2,
1773 1679 1825 1720 55,
1837 1679 1889 1711 29.

174 1763 177 1766 ,
214 1731 247 1772 4,
257 1731 310 1772 46,
323 1732 351 1763 8.
382 1732 475 1773 6,23,
490 1732 539 1764 12.
574 1732 684 1773 11,32,
694 1732 721 1764 1.
750 1731 860 1773 15,15,
871 1731 911 1764 15
935 1731 1117 1775 eodemque
1132 1731 1229 1764 modo
1248 1732 1298 1773 15,
1310 1732 1363 1772 39,
1377 1732 1415 1764 11
1437 1738 1650 1775 „pervaserat
1665 1731 1712 1764 r.“
1733 1737 1765 1763 et
1782 1731 1889 1773 „fama

215 1781 369 1815 incessit“
392 1781 452 1824 IV,
465 1782 517 1825 54,
532 1783 580 1815 13.
614 1783 664 1825 13,
679 1782 730 1825 54,
743 1783 770 1815 1.
795 1800 836 1806 —
858 1782 886 1825 Ι,
897 1783 950 1825 50,
963 1782 984 1815 3
1007 1782 1173 1827 trepidam
1188 1784 1305 1816 urbem
1321 1808 1327 1815 .
1345 1808 1351 1815 .
1367 1794 1474 1815 novus
1490 1808 1497 1815 .
1515 1808 1522 1815 .
1538 1783 1580 1815 de
1603 1782 1739 1815 Vitellio
1755 1783 1888 1814 nuntius

217 1836 387 1867 exterruit.
434 1835 484 1877 15,
502 1836 530 1875 1,
546 1836 566 1868 8
601 1836 695 1868 illum
711 1860 718 1867 .
734 1860 741 1867 .
757 1846 863 1867 novus
878 1859 885 1866 .
902 1859 910 1866 .
925 1835 1060 1866 nuntius
1094 1835 1312 1867 contumeliae
1347 1835 1546 1868 exstimulat.
1601 1835 1629 1876 I,
1645 1835 1696 1876 76,
1713 1836 1730 1867 1
1762 1835 1888 1878 primus

217 1886 341 1920 Othoni
362 1886 518 1921 fiduciam
532 1887 661 1921 addidit
684 1899 726 1921 ex
751 1887 888 1932 Illyrico
911 1887 1053 1920 nuntius.
1097 1886 1253 1930 1V‚79‚9
1277 1886 1391 1920 Civilis
1414 1887 1494 1920 illuc
1510 1913 1517 1919 .
1532 1913 1539 1919 .
1555 1886 1742 1920 intenderat
1757 1912 1764 1919 .
1782 1899 1803 1919 .:
1827 1885 1886 1918 sed

215 1941 321 1972 tristis>
346 1941 480 1972 nuntius
503 1941 633 1973 avertit.
676 1941 739 1983 ΙΠ,
750 1940 803 1981 48,
817 1940 857 1972 12
879 1939 1121 1983 Vespasianum
1133 1965 1140 1971 .
1153 1965 1160 1971 .
1172 1940 1292 1983 proelii
1313 1940 1448 1972 nuntius
1462 1966 1469 1972 .
1483 1965 1490 1972 .
1503 1939 1705 1983 adsequitur.
1750 1940 1780 1981 2,
1793 1939 1843 1979 75,
1855 1939 1885 1971 8.

214 1990 275 2034 IV,
287 1991 339 2034 28,
353 1991 393 2024 13
408 2003 449 2024 ne
461 1992 535 2036 quis
552 1992 703 2026 occultus
715 1992 850 2024 nuntius
862 2016 869 2023 .
882 2016 889 2023 .
904 1990 1017 2023 auxilii
1038 1996 1237 2035 penetraret.
1253 2009 1295 2013 —
1310 1991 1342 2023 A
1355 1991 1408 2026 28.
1423 1992 1464 2023 16
1486 1991 1579 2024 fuere
1595 2002 1679 2035 quos
1692 2016 1699 2023 .
1712 2016 1719 2023 .
1733 1990 1890 2022 indicium

217 2097 274 2126 set,
301 2093 444 2120 decernit⁴⁴
466 2093 504 2120 cf.
523 2094 678 2129 Naegelsb.
699 2094 762 2122 Stil.
781 2102 849 2129 pag.
870 2093 936 2125 408,
956 2093 1005 2127 qui
1024 2093 1124 2119 attulit
1143 2092 1224 2119 Caes.
1246 2093 1273 2119 b.
1294 2102 1318 2120 c.
1337 2094 1360 2124 2,
1371 2094 1413 2125 30,
1425 2094 1439 2119 1
1463 2096 1561 2126 „erant
1586 2094 1754 2125 sententiae,
1780 2101 1854 2127 quae
1869 2112 1893 2118 ..

215 2138 379 2165 censerent“
403 2140 432 2164 et
444 2136 506 2164 Liv.
542 2137 584 2170 30,
596 2138 619 2170 7,
629 2137 646 2164 6
664 2146 722 2164 una
740 2136 792 2173 (sc.
805 2136 960 2172 sententia)
977 2156 984 2162 .
998 2156 1004 2162 .
1017 2135 1130 2172 legatos
1143 2156 1150 2162 .
1164 2156 1170 2162 .
1191 2135 1379 2170 decernebat,
1401 2136 1492 2164 altera
1514 2136 1709 2164 Hannibalem
1726 2135 1892 2163 revocabat.

215 2181 328 2214 Quibus
345 2181 417 2208 locis
435 2181 560 2208 addendi
580 2184 648 2208 sunt
661 2181 742 2208 Caes.
758 2180 786 2207 b.
802 2190 831 2216 g.
853 2181 876 2213 ¹7,
888 2181 929 2213 77,
939 2181 964 2207 2.
1001 2180 1064 2207 Liv.
1085 2179 1109 2212 2,
1120 2179 1181 2212 4.3.
1217 2180 1242 2212 4,
1253 2180 1277 2212 6,
1289 2181 1304 2207 7
1324 2180 1426 2207 Claudi
1444 2181 1589 2208 sententia
1608 2180 1741 2208 consules
1759 2179 1894 2206 armabat

213 2225 244 2252 in
257 2225 399 2252 tribunos.
431 2225 455 2257 9,
466 2225 489 2257 3,
501 2225 534 2252 12
553 2226 610 2252 ista
624 2245 630 2251 .
645 2246 651 2251 .
665 2225 808 2252 sententia
822 2245 828 2251 .
842 2244 849 2251 .
862 2233 955 2260 neque
970 2224 1077 2251 amicos
1089 2227 1176 2258 parat
1188 2233 1241 2251 nec
1254 2224 1385 2251 inimicos
1400 2224 1484 2251 tollit.
1512 2224 1657 2252 Praetulit
1674 2224 1794 2251 Tacitus
1814 2223 1895 2250 aliud

214 2268 330 2295 dicendi
348 2276 440 2303 genus
458 2267 495 2294 cf.
514 2268 555 2300 14,
567 2268 611 2300 45,
622 2268 640 2294 4
659 2267 821 2303 praevaluit
838 2275 920 2301 pars,
950 2276 1024 2302 quae
1042 2267 1215 2301 supplicium
1234 2267 1417 2293 decernebat.

373 2330 395 2366 ¹)
414 2329 547 2357 Imitatus
566 2329 682 2357 videtur
702 2338 764 2357 esse
782 2328 845 2356 Liv.
864 2328 968 2362 5,20,4
992 2328 1065 2357 duae
1084 2331 1214 2356 senatum
1233 2327 1412 2356 distinebant
1432 2328 1602 2356 sententiae.

371 2393 395 2427 ²)
414 2391 457 2418 Ex
470 2391 594 2419 Caesare
614 2391 735 2427 dignum
753 2393 798 2418 est
810 2390 888 2425 quod
907 2390 1045 2418 afferatur
1065 2390 1093 2417 b.
1108 2400 1131 2417 c.
1152 2391 1174 2423 l,
1185 2391 1227 2422 53,
1238 2391 1255 2416 2
1275 2389 1347 2416 haec
1361 2389 1501 2417 Afranius
1514 2389 1704 2425 Petreiusque
1719 2410 1725 2415 .
1741 2410 1747 2415 .
1760 2388 1893 2424 pleniora

212 2434 333 2463 Romam
346 2456 352 2462 .
364 2455 370 2462 .
383 2435 611 2471 pei-scribebant.
648 2434 740 2462 Multa
759 2442 855 2461 rumor
873 2433 1035 2470 affingebat
1055 2434 1098 2469 (at
1118 2433 1258 2469 Nipperd.
1280 2433 1386 2467 „multa
1404 2441 1518 2460 rumore
1539 2432 1794 2469 affingebantur“).
1827 2432 1894 2459 Liv.

210 2479 253 2512 27,
263 2480 333 2512 31,2
351 2479 429 2507 fama
454 2480 515 2507 eius
534 2480 575 2507 rei
595 2479 763 2514 Philippum
777 2499 783 2505 .
798 2498 804 2504 .
821 2478 927 2505 excivit
945 2478 983 2505 cf.
1003 2477 1073 2505 Tac.
1093 2478 1145 2511 111,
1159 2478 1199 2511 78,
1212 2478 1255 2505 22.
1292 2477 1355 2504 Liv.
1374 2477 1416 2509 27,
1426 2477 1495 2510 39,9
1516 2477 1537 2504 f.
1554 2498 1560 2504 .
1572 2498 1578 2504 .
1591 2477 1756 2505 edocuerat.
1792 2477 1834 2509 35,
1846 2477 1868 2507 7,
1880 2476 1896 2503 7

210 2522 232 2549 f.
252 2526 381 2550 auxerat.
417 2524 459 2555 28,
469 2523 512 2556 24,
523 2523 549 2550 4.
585 2523 627 2555 35,
638 2523 681 2554 23,
692 2523 709 2549 2
729 2530 856 2549 rumores
870 2541 876 2548 .
891 2542 897 2548 .
910 2521 986 2548 falsa
1003 2522 1080 2548 veris
1098 2521 1266 2549 miscebant.

1641 2572 1684 2602 3*
