2090 2958
358 647 437 679 Tac.
459 647 521 688 D')
544 647 597 688 24,
616 646 657 679 15
678 646 816 689 legitur:
841 657 1020 689 „exprome
1042 671 1050 678 .
1073 671 1080 678 .
1103 658 1219 679 causas
1250 658 1310 679 cur
1330 652 1460 679 tantum
1481 647 1524 679 ab
1548 647 1739 690 eloquentia
1757 658 1872 679 eorum

200 699 443 738 recesserimus,
468 709 543 731 cum
566 698 763 742 praesertim
787 702 920 730 centum
942 702 975 730 et
989 697 1107 740 viginti
1128 709 1230 731 annos
1242 698 1285 731 ab
1301 699 1438 731 interitu
1452 697 1623 731 Ciceronis
1637 698 1672 730 in
1684 697 1773 731 hunc
1785 697 1873 731 diem

202 749 291 782 effici
313 750 398 783 ratio
421 755 611 794 temporum
633 748 826 793 collegerit“
851 748 1087 790 (Famesianus
1107 749 1209 782 habet
1235 749 1459 793 „colligitur“)
1484 755 1584 793 atque
1602 748 1663 791 IV,
1685 749 1716 791 9,
1740 750 1782 782 10
1802 749 1871 782 Me-

201 800 316 835 diceus
338 801 422 835 alter
446 801 600 846 praebet:
627 812 721 844 „eam
742 801 939 834 sententiam
960 799 1220 834 modestissimus
1250 802 1390 845 quisque
1420 801 1550 834 silentio
1563 826 1572 844 ,
1602 800 1722 834 deinde
1745 801 1871 835 oblivio

200 854 399 887 transmisit:
419 854 514 887 fuere
537 854 595 897 qui
618 858 651 886 et
673 852 927 887 meminissent“.
959 853 1015 886 De
1029 854 1202 897 utriusque
1217 853 1282 886 loci
1297 853 1441 887 lectione
1456 853 1646 886 dubitatum
1662 859 1720 886 est.
1751 853 1868 887 Priore

201 907 289 939 enim
309 906 384 939 1000
399 905 634 949 Schultingius,
659 917 735 938 cum
759 906 903 939 activam
923 905 1065 938 formam
1079 906 1175 938 verbi
1200 905 1378 949 colligendi
1401 917 1468 939 11011
1489 916 1674 949 congruere
1697 917 1773 938 cum
1793 906 1870 939 sub-

201 959 345 991 stantivo
369 957 459 1002 quod
481 963 530 991 est
551 958 636 990 ratio
657 963 822 1000 censeret,
853 963 891 991 ut
925 969 998 990 eam
1020 957 1247 990 difficultatem
1268 958 1420 1000 tolleret,
1441 956 1608 1001 „ratione“
1633 958 1734 991 scribi
1755 958 1872 991 voluit.

200 1009 319 1043 Altero
340 1010 415 1043 loco
430 1009 654 1054 Nipperdeius
669 1009 830 1053 Madvigii
851 1010 1075 1043 coniecturam
1098 1020 1160 1054 pro
1183 1020 1222 1042 οο
1246 1009 1337 1054 quod
1360 1011 1395 1042 in
1416 1009 1568 1043 Mediceo
1592 1015 1642 1042 est
1659 1009 1867 1052 „oblivione“

199 1062 341 1106 legentis
362 1063 396 1095 in
419 1067 610 1095 contextum
631 1062 811 1095 verborum
833 1062 969 1106 recepit.
1012 1061 1126 1106 Atque
1149 1073 1211 1106 ego
1233 1062 1316 1095 haec
1337 1062 1507 1095 hominum
1530 1061 1706 1095 doctorum
1727 1062 1871 1095 maxime

200 1113 383 1158 Nipperdei
405 1113 527 1146 iudicia
547 1125 678 1146 mecum
701 1113 912 1146 considerans
933 1113 1087 1157 exempla
1121 1113 1276 1156 Tacitea,
1310 1114 1432 1157 quibus
1459 1115 1593 1146 innixus
1624 1119 1683 1147 aut
1718 1113 1871 1146 codicum

200 1166 433 1199 auctoritatem
455 1165 667 1199 defenderem
689 1171 747 1198 aut
767 1165 901 1198 illorum
923 1166 1101 1198 sententias
1133 1165 1325 1225 probandas
1355 1177 1426 1198 0550
1459 1165 1698 1209 intellegerem,
1732 1166 1869 1199 circum-

200 1218 329 1277 spicere
352 1219 521 1251 constitui.
557 1229 624 1262 qua
656 1218 691 1250 in
716 1228 753 1250 re
774 1217 906 1261 longius
935 1223 1116 1261 provectus
1140 1218 1174 1250 in
1195 1218 1493 1262 personificationis
1516 1229 1603 1262 quae
1624 1217 1747 1251 dicitur
1774 1229 1870 1251 usum

199 1270 366 1314 inquirere
402 1271 547 1303 animum
577 1269 708 1312 induxi,
742 1269 843 1314 idque
872 1269 952 1302 mihi
978 1281 1017 1302 eo
1045 1270 1152 1313 magis
1182 1269 1371 1303 faciendum
1403 1281 1475 1303 esse
1498 1270 1626 1315 putavi,
1647 1270 1739 1330 quod
1760 1281 1868 1314 neque

200 1333 291 1365 quae
310 1322 453 1355 editores
475 1321 516 1354 de
539 1322 602 1355 hac
623 1334 660 1355 re
683 1322 930 1355 annotavissent
954 1333 1063 1366 neque
1086 1333 1172 1366 quae
1185 1322 1402 1365 Draegerus'
1392 1334 1427 1355 111
1442 1334 1482 1355 eo
1503 1323 1590 1355 libro
1606 1323 1663 1366 qui
1678 1323 1870 1355 inscribitur

202 1374 336 1416 „Ueber
357 1373 487 1418 Syntax
505 1373 574 1407 und
596 1373 659 1407 Stil
678 1373 736 1407 des
761 1373 917 1407 Tacitus“
941 1375 971 1415 ἓ.
993 1373 1055 1407 257
1084 1375 1292 1419 exposuisset
1317 1374 1509 1407 satisfacere
1542 1374 1739 1413 iudicabam.
1784 1374 1866 1408 Ger-

198 1426 301 1459 berus
323 1425 457 1470 quidem
480 1432 512 1458 et
528 1425 691 1469 Greefius,
713 1425 857 1459 editores
879 1425 995 1458 Lexici
1019 1425 1147 1459 Tacitei
1170 1426 1278 1467 (cuius
1299 1427 1369 1459 fere
1392 1426 1528 1459 dimidia
1549 1438 1629 1471 pars
1652 1427 1771 1459 emissa
1795 1427 1870 1468 est),

199 1488 276 1510 cum
305 1478 339 1510 in
366 1478 540 1511 vocabulis
569 1477 783 1522 disponendis
814 1478 1054 1521 circumspecto
1086 1477 1210 1511 iudicio
1241 1484 1380 1511 utantur
1413 1484 1446 1511 et
1479 1478 1729 1522 diligentissime
1759 1479 1869 1511 omnia

198 1534 371 1569 moneant,
404 1540 489 1573 quae
516 1529 560 1562 ad
587 1531 654 1562 vim
687 1535 720 1562 et
746 1541 843 1562 usum
864 1529 1106 1562 vocabulorum
1125 1530 1349 1573 intellegenda
1372 1536 1405 1563 et
1427 1535 1520 1563 recte
1542 1529 1722 1563 iudicanda
1744 1530 1867 1572 valent,

199 1581 299 1613 etiam
333 1580 418 1613 hanc
450 1592 521 1613 rem
555 1582 613 1614 ubi
649 1593 710 1625 per
742 1581 983 1614 vocabulorum
1015 1580 1265 1626 dispositionem
1298 1581 1370 1614 fieri
1402 1582 1513 1626 potuit
1552 1583 1742 1625 tetigerunt.
1796 1581 1869 1615 Nec

197 1633 350 1676 ignoravi
373 1644 415 1665 ex
438 1633 500 1666 hac
523 1633 746 1677 disputatione
768 1645 885 1666 verum
914 1639 947 1666 et
969 1633 1111 1667 solidum
1132 1633 1279 1667 fructum
1293 1635 1497 1667 nasciturum
1513 1633 1625 1676 fuisse,
1652 1635 1679 1667 si
1691 1640 1725 1667 et
1736 1635 1867 1678 priores

198 1685 377 1729 scriptores
400 1690 433 1717 01
456 1684 565 1718 Taciti
587 1685 743 1729 aequales
766 1685 1097 1729 comprehendissem,
1118 1691 1155 1718 ut
1178 1685 1258 1729 quid
1282 1687 1351 1718 eius
1374 1687 1547 1731 proprium
1568 1692 1665 1728 esset,
1687 1686 1769 1730 quid
1791 1697 1868 1719 cum

198 1737 317 1770 ceteris
353 1737 382 1769 ei
419 1748 592 1770 commune
625 1736 883 1781 intellegeretur.
933 1737 1000 1771 Sed
1032 1749 1107 1771 cum
1129 1737 1206 1771 huic
1228 1743 1321 1771 tanto
1346 1738 1455 1772 labori
1479 1749 1518 1772 eo
1543 1738 1651 1771 minus
1674 1749 1790 1782 parem
1812 1749 1866 1771 me

198 1800 269 1822 esse
291 1788 448 1832 viderem,
473 1789 563 1833 quod
585 1790 643 1822 vix
666 1788 783 1822 Tacito
803 1790 883 1822 satis
906 1790 1025 1823 fecisse
1047 1791 1138 1823 visus
1161 1802 1243 1832 sum,
1266 1801 1305 1823 ea
1328 1791 1576 1835 comparatione
1605 1791 1726 1824 omissa
1756 1801 1866 1834 pauca

197 1841 361 1886 quaedam
383 1852 468 1886 quae
490 1842 524 1875 in
546 1847 705 1887 promptu
725 1841 805 1874 mihi
828 1847 932 1885 erant,
954 1842 1105 1876 attulisse
1126 1844 1205 1876 satis
1220 1843 1330 1876 habui.

354 1893 467 1938 Atque
477 1893 835 1938 personificationem2)
859 1906 935 1927 cum
946 1894 1031 1937 dico,
1051 1895 1114 1927 1100
1129 1895 1204 1928 1000
1221 1907 1295 1927 eam
1310 1895 1441 1928 dicendi
1454 1895 1595 1928 formam
1606 1894 1776 1937 intellego,
1789 1906 1866 1927 cum

197 1957 252 1979 res
279 1950 312 1978 01
336 1946 543 1978 substantiva
573 1946 742 1979 abstracta
770 1946 995 1979 subiectorum
1018 1957 1103 1989 quae
1126 1945 1283 1979 dicuntur
1312 1947 1423 1979 locum
1450 1948 1497 1980 ita
1528 1947 1697 1987 obtinent,
1724 1951 1763 1979 ut
1792 1957 1868 1978 cum

197 1998 310 2031 verbis
345 1996 464 2041 agendi
487 1998 741 2042 coniungantur.
786 1997 903 2031 Latius
926 1998 1014 2031 hunc
1040 2009 1137 2031 usum
1170 2004 1286 2043 patere
1319 1999 1405 2031 nolo.
1417 1999 1442 2040 ⁸)
1488 1998 1642 2032 Excludo
1675 1999 1778 2042 igitur
1809 2009 1866 2031 eos

197 2050 299 2092 locos,
321 2050 379 2082 ubi
402 2049 566 2082 adjectiva
587 2055 621 2082 et
645 2051 862 2092 substantiva,
884 2061 969 2093 quae
985 2051 1199 2083 animantium
1213 2052 1352 2094 propria
1370 2056 1456 2092 sunt,
1478 2050 1522 2083 ad
1541 2062 1596 2083 res
1611 2051 1866 2083 transferuntur.

359 2171 380 2206 ι)
397 2170 444 2197 Ad
465 2169 671 2205 significandos
689 2170 786 2197 Taciti
804 2170 894 2197 libros
912 2170 991 2197 notis
1007 2179 1076 2197 usus
1096 2179 1158 2197 sum
1178 2171 1219 2198 eis
1238 2179 1312 2206 quae
1331 2171 1361 2197 111
1379 2170 1448 2198 Lex.
1467 2170 1537 2198 Tae.
1558 2171 1752 2198 inveniuntur.

355 2213 380 2250 ¹)
398 2213 456 2241 Res
473 2221 615 2249 nusquam
632 2212 753 2240 Tacitus
770 2213 922 2249 loquentes
939 2213 1031 2241 finxit.

356 2258 380 2294 ⁸)
399 2257 445 2285 Ob
465 2266 529 2285 eam
547 2265 663 2284 causam
681 2257 764 2293 quasi
784 2258 963 2293 praeteriens
987 2258 1160 2286 mentionem
1183 2257 1260 2285 facio
1280 2257 1381 2285 horum
1399 2257 1541 2285 locorum:
1569 2257 1596 2285 A
1620 2258 1663 2291 22,
1679 2258 1697 2285 9
1722 2256 1869 2292 intrepida

197 2301 240 2329 ibi
261 2301 352 2329 hiems
370 2302 388 2328 i.
408 2310 432 2328 0.
450 2301 618 2328 hiemantes.
646 2301 688 2334 25,
701 2301 737 2328 20
755 2309 793 2328 110
811 2304 966 2336 superante
983 2309 1101 2329 numero
1120 2304 1150 2329 et
1167 2301 1273 2337 peritia
1290 2301 1418 2328 locorum
1429 2301 1630 2328 circumiretur
1648 2302 1668 2328 i.
1687 2309 1711 2328 e.
1731 2309 1749 2328 a
1766 2301 1869 2336 peritis

197 2344 334 2373 locorum.
360 2345 384 2378 1,
402 2344 445 2378 31,
463 2345 499 2372 20
516 2353 574 2372 11011
591 2353 666 2372 1111115
690 2344 762 2372 haec
788 2364 795 2371 .
824 2364 831 2371 .
858 2353 912 2372 1100
942 2344 1020 2380 apud
1049 2344 1179 2380 trepidas
1211 2345 1334 2372 militum
1363 2353 1462 2378 aures,
1481 2365 1488 2372 .
1507 2365 1514 2372 .
1532 2344 1583 2372 sed
1606 2345 1698 2372 multa
1721 2344 1872 2372 seditionis

197 2398 250 2418 ora
262 2398 413 2426 vocesque.
435 2389 573 2418 Similiter
584 2389 648 2416 Liv.
660 2389 702 2423 28,
710 2388 777 2422 25,3
794 2391 946 2425 „stupente
958 2389 1001 2416 ita
1014 2388 1188 2417 seditione“.
1182 2399 1188 2405 ·
1204 2388 1240 2416 de
1252 2398 1309 2425 quo
1323 2389 1387 2416 1000
1400 2388 1438 2416 cf.
1452 2397 1526 2425 quae
1539 2389 1692 2417 annotavit
1706 2388 1870 2425 Naegelsb..

199 2433 358 2469 „Stilistik“
379 2442 429 2469 pg.
452 2433 496 2460 41.
533 2433 574 2466 15,
588 2433 629 2466 62,
646 2433 663 2460 6
681 2433 814 2461 lacrimas
832 2441 982 2461 eorum..
1001 2432 1040 2460 ad
1057 2432 1262 2460 firmitudinem
1280 2435 1453 2460 revocat.—
1464 2432 1557 2461 Multo
1576 2433 1695 2461 latiores
1711 2432 1784 2460 fines
1801 2432 1872 2460 huic

197 2478 240 2505 rei
259 2478 411 2505 constituit
429 2476 556 2505 Hensius
578 2477 747 2512 „Poetische
768 2476 1010 2505 Personification
1027 2478 1058 2505 in
1076 2477 1278 2514 griechischen
1295 2477 1484 2514 Dichtungen
1512 2478 1566 2505 mit
1583 2476 1870 2514 Beriicksichtigung

194 2520 381 2549 lateinischer
398 2521 522 2549 Dichter
539 2521 599 2549 und
618 2521 790 2558 Shakspere'
792 2522 833 2550 s“.
869 2521 956 2549 Halle
974 2522 1695 2587 18681.ι
