2090 2958
1026 242 1071 274 24

208 339 264 367 tur
280 334 331 376 14,
342 335 395 375 22,
409 337 450 369 18
472 336 573 369 nimia
596 336 696 369 luxus
713 336 834 381 cupido
858 336 1029 370 infamiam
1045 345 1077 372 et
1097 339 1281 383 periculum
1296 337 1421 371 Neroni
1437 339 1522 372 tulit.
1566 340 1597 382 2,
1608 340 1662 383 40,
1674 340 1697 373 4
1712 339 1884 373 Tiberium

208 397 332 430 anceps
356 398 436 420 cura
460 387 652 420 distrahere.
696 388 727 430 3,
739 388 792 429 24,
803 388 847 421 25
875 399 936 421 nos
964 389 1074 432 pudor
1090 391 1168 422 ..in
1191 390 1307 423 melius
1329 395 1443 422 mutet.
1487 391 1532 431 H,
1544 391 1597 431 42,
1611 392 1628 424 1
1666 398 1792 424 mentes
1826 392 1884 424 fal-

208 449 283 470 sum
307 439 467 482 gaudium
496 440 530 471 in
559 439 755 483 languorem
777 441 887 472 vertit.
930 440 994 483 111,
1004 441 1092 484 44‚5
1115 442 1303 475 Britannias
1332 441 1509 474 inclinatus
1539 453 1619 485 erga
1641 441 1885 486 Vespasianum

208 490 307 523 favor
323 516 330 523 .
347 517 354 523 .
370 503 436 524 non
468 492 537 524 sine
565 498 659 525 motu
690 491 842 525 adiunxit
870 498 1056 526 ceterarum
1088 494 1145 535 (sc.
1167 494 1357 537 legionum).
1409 493 1497 536 11‚2‚
1511 494 1528 526 1
1560 494 1610 526 his
1626 519 1633 526 .
1650 519 1658 526 .
1675 494 1762 527 inter
1792 506 1885 539 spem

208 547 402 586 metumque
425 544 583 575 iactatum
605 543 662 583 (sc.
682 543 809 584 Titum)
832 554 908 587 spes
923 545 1013 576 vicit.
1058 544 1101 586 V,
1112 546 1165 586 26,
1178 546 1199 578 2
1220 557 1279 589 spe
1300 546 1404 586 vitae,
1427 556 1513 588 quae
1535 545 1733 589 plerumque
1747 557 1885 588 magnos

209 594 338 627 animos
359 594 517 637 infringit.
554 595 649 637 2,36,
662 595 703 628 10
725 595 876 639 quamvis
891 595 1061 639 repulsam
1076 597 1266 641 propinqua
1288 608 1363 641 spes
1380 596 1514 629 soletur.
1554 595 1657 641 „Spes
1673 596 1763 640 alqm
1783 596 1881 638 fallit,

209 645 409 679 frustratur“
432 646 523 691 quod
546 646 638 691 apud
659 648 789 692 priores
808 647 941 691 legitur,
964 647 1102 681 Tacitus
1117 650 1244 682 vitavit.
1281 649 1383 694 „Spes
1406 648 1614 682 consolatur“
1631 647 1885 682 Ciceronianam

210 704 270 731 est.
315 699 345 739 3,
356 699 440 741 46,4
463 700 523 731 etsi
538 705 756 744 praesumpta
779 711 855 744 spes
877 699 1032 733 hortandi
1056 713 1173 734 causas
1196 707 1373 734 exemerat.
1419 701 1534 744 14,45,
1549 702 1590 734 10
1613 712 1712 745 quem
1735 701 1792 742 (sc.
1816 713 1883 734 mo-

209 750 295 793 rem)
311 750 538 784 misericordia
561 763 627 784 non
645 752 819 786 minuerat.
863 752 908 794 ΙΙ,
918 752 950 793 4,
964 753 1004 786 18
1027 759 1157 786 tantum
1177 753 1228 786 his
1249 754 1374 798 vigoris
1397 753 1570 786 addiderat
1592 754 1685 797 quies
1709 758 1741 786 et
1757 778 1764 785 .
1780 778 1788 787 .
1803 753 1884 786 belli

211 815 313 836 amor.
345 804 437 845 (Loc.
451 804 548 845 corr.)
587 804 638 846 15,
648 805 734 844 49,9
757 804 961 837 Lateranum
985 806 1177 838 consulem.
1194 831 1200 837 .
1217 806 1309 838 nulla
1322 807 1451 848 iniuria,
1474 805 1531 838 sed
1544 817 1636 838 amor
1657 806 1705 838 rei
1729 805 1884 850 publicae

212 857 360 889 sociavit.
412 855 454 898 V,
481 857 509 898 1,
532 856 554 888 4
587 857 813 899 „certantibus
842 857 1091 900 provinciarum
1121 863 1153 890 et
1178 859 1385 890 exercituum
1415 857 1561 891 studiis“.
1610 857 1685 890 Hoc
1714 869 1780 890 uno
1809 857 1884 890 loco

211 909 366 941 Tacitum
400 909 541 941 verbum
563 908 712 941 certandi
736 920 811 941 cum
834 909 1042 942 substantivo
1067 910 1236 942 abstracto
1262 911 1471 943 coniunxisse
1492 910 1573 942 Lex.
1589 909 1694 942 Tacit.
1710 909 1807 942 docet
1829 921 1884 954 pg.

213 961 285 994 165.
328 961 360 1003 4,
372 961 452 1002 66,1
486 960 596 993 studia
624 972 802 1005 procerum
830 966 862 993 et
892 960 1025 1004 largitio
1059 962 1219 1006 principis
1235 987 1242 994 .
1258 987 1265 994 .
1281 962 1441 995 solacium
1470 962 1624 995 tulerant.
1668 961 1700 994 D
1714 961 1766 1003 39,
1776 961 1819 995 23
1843 961 1884 994 cf.

212 1025 322 1058 supra.
367 1013 394 1054 Ι,
406 1013 489 1055 62,8
515 1012 614 1045 ardor
638 1018 670 1045 et
693 1013 744 1045 vis
767 1012 908 1045 militum
926 1012 1065 1045 ..ducis
1088 1014 1200 1046 munia
1227 1014 1397 1058 implebat.
1441 1014 1583 1056 11‚46,4
1604 1025 1670 1046 non
1694 1014 1884 1058 expectavit

210 1066 352 1099 militum
376 1064 476 1098 ardor
498 1076 615 1097 vocem
638 1065 858 1109 imperatoris.

367 1117 591 1150 Substantivis
607 1117 787 1150 affectuum
803 1116 889 1150 addo
906 1128 1002 1149 usum
1017 1118 1187 1150 nominum
1203 1117 1381 1162 qualitates
1403 1117 1676 1161 significantium:
1700 1129 1758 1150 eae
1774 1123 1884 1151 autem

210 1176 286 1203 sunt
310 1175 368 1202 aut
389 1169 559 1202 hominum
583 1175 641 1202 aut
663 1180 775 1201 rerum
797 1175 829 1201 et
852 1169 1107 1202 abstractorum.
1152 1170 1218 1202 Hic
1234 1182 1312 1202 usus
1335 1170 1621 1213 frequentissimus
1639 1175 1697 1203 est.
1734 1170 1830 1211 D37,
1844 1170 1884 1202 16

209 1221 367 1267 splendor
396 1232 530 1254 reorum
561 1226 594 1253 et
627 1220 822 1264 magnitudo
845 1232 1066 1253 causarum..
1084 1221 1265 1265 plurimum
1293 1221 1502 1265 eloquentiae
1531 1227 1711 1266 praestant.
1756 1221 1786 1255 G
1799 1222 1883 1263 29,9

207 1274 349 1319 protulit
364 1273 558 1317 magnitudo
577 1273 694 1317 populi
709 1273 850 1305 Romani
865 1298 872 1305 .
889 1298 896 1304 .
912 1274 1042 1316 imperii
1057 1275 1286 1306 reverentiam.
1323 1273 1355 1305 A
1368 1274 1399 1315 4,
1413 1274 1453 1306 16
1473 1275 1506 1306 ni
1527 1273 1704 1318 prudentia
1723 1274 1836 1306 matris
1852 1299 1859 1306 .
1876 1299 1882 1306 .

207 1327 406 1370 flagrantem
429 1326 575 1358 animum
600 1325 658 1366 (sc.
673 1324 867 1368 Agricolae)
893 1326 1102 1357 coercuisset.
1147 1325 1244 1367 D23,
1255 1326 1296 1358 27
1320 1326 1347 1358 si
1370 1331 1483 1358 nostra
1506 1325 1629 1358 iudicia
1647 1325 1881 1369 malignitas..

207 1378 402 1411 tardaverit.
440 1377 515 1419 A9,
529 1377 570 1410 13
590 1389 652 1410 nec
675 1377 723 1409 illi
739 1402 747 1409 .
764 1402 771 1409 .
788 1382 846 1409 aut
868 1377 1011 1410 facilitas
1035 1378 1267 1410 auctoritatem
1288 1383 1345 1410 aut
1366 1379 1525 1410 severitas
1548 1389 1694 1410 amorem
1715 1377 1882 1411 deminuit.

208 1431 236 1473 I,
244 1431 276 1473 5,
285 1430 326 1463 12
337 1430 498 1462 severitas
510 1429 580 1462 eius
589 1429 646 1470 (sc.
656 1428 799 1470 Galbae)
809 1429 954 1473 angebat
965 1434 1180 1474 aspernantes
1187 1435 1335 1462 veterem
1344 1429 1560 1474 disciplinam.
1592 1430 1641 1472 12,
1649 1430 1689 1462 14
1702 1430 1882 1462 amicorum

210 1482 411 1526 cupiditates
439 1483 512 1526 ipsa
536 1481 667 1514 Galbae
696 1481 839 1514 facilitas
869 1481 1072 1514 intendebat.
1119 1483 1169 1524 11,
1180 1482 1232 1524 28,
1246 1483 1286 1515 10
1308 1483 1381 1526 ipsa
1403 1482 1546 1515 facilitas
1565 1483 1774 1526 imperatoris
1799 1481 1880 1515 fidu-

210 1535 296 1568 ciam
319 1533 430 1567 dabat.
463 1533 559 1575 G45,
575 1534 613 1566 17
639 1533 773 1566 luxuria
791 1539 905 1566 nostra
928 1532 1021 1566 dedit
1042 1544 1163 1566 nomen
1186 1534 1243 1574 (sc.
1259 1534 1396 1575 sucino).
1432 1534 1557 1576 1‚30,5
1580 1534 1741 1566 falluntur
1760 1534 1881 1577 quibus

207 1587 342 1620 luxuria
374 1586 485 1631 specie
521 1585 731 1619 liberalitatis
766 1586 903 1631 inponit.
959 1585 1009 1626 16,
1039 1586 1080 1618 13
1112 1585 1305 1628 (Neronem)
1339 1597 1399 1619 sua
1427 1587 1627 1629 immanitas,
1661 1598 1720 1619 sua
1749 1586 1883 1619 luxuria

209 1639 397 1672 cervicibus
412 1638 557 1682 publicis
573 1637 787 1681 depulerunt3
812 1638 852 1670 cf.
867 1638 917 1679 14,
931 1638 981 1679 11,
996 1638 1044 1669 14.
1081 1638 1113 1669 D
1126 1638 1179 1680 28,
1193 1638 1234 1670 10
1249 1638 1356 1679 (vitia.)
1372 1644 1467 1671 natos
1479 1664 1486 1670 .
1498 1663 1505 1670 .
1519 1639 1698 1682 excipiunt.
1730 1638 1762 1670 A
1777 1639 1827 1680 16,
1843 1639 1881 1671 17

207 1692 382 1735 ignoscere
404 1690 493 1722 vitiis
515 1689 773 1722 blandientibus.
817 1689 941 1731 I,30,2
964 1690 1046 1722 vitia
1075 1695 1225 1722 evertere
1247 1690 1430 1733 imperium.
1476 1690 1560 1732 71,4
1591 1690 1667 1734 plus
1697 1689 1882 1722 formidinis

211 1742 410 1776 adferebant
442 1741 546 1774 falsae
581 1742 723 1774 virtutes
758 1746 791 1774 et
821 1742 903 1774 vitia
932 1741 1090 1774 reditura.
1136 1741 1265 1784 G20,5
1287 1741 1392 1775 donec
1424 1747 1516 1775 aetas
1545 1747 1677 1786 separet
1712 1743 1883 1785 ingenuos,

207 1796 316 1829 virtus
338 1794 530 1838 adgnoscat.
574 1793 622 1827 At
644 1793 676 1826 A
691 1793 753 1837 1,4
779 1805 920 1838 „magna
950 1794 1062 1838 aliqua
1078 1819 1084 1826 .
1102 1820 1108 1826 .
1124 1794 1231 1827 virtus
1252 1795 1333 1827 vicit
1360 1806 1399 1827 ac
1424 1805 1638 1839 supergressa
1666 1799 1715 1827 est
1743 1793 1879 1827 vitium“

207 1848 413 1891 intellegitur
428 1848 481 1880 vir
503 1859 625 1890 magna
639 1847 762 1879 virtute
786 1846 967 1891 praeditus.
1012 1846 1137 1888 G40‚1
1163 1846 1404 1890 Langobardos
1427 1847 1579 1891 paucitas
1601 1846 1764 1879 nobilitat.
1800 1846 1881 1889 13,8

207 1901 347 1942 insignis
369 1899 527 1933 nobilitas
550 1905 607 1932 aut
631 1910 752 1943 magna
775 1905 910 1943 patrum
933 1900 1049 1931 merita
1072 1899 1232 1943 principis
1255 1898 1482 1943 dignationem
1504 1899 1603 1931 etiam
1626 1897 1882 1932 adulescentulis

208 1952 394 1996 adsignant.
428 1952 456 1994 Ι,
470 1952 521 1994 85,
537 1952 555 1985 7
580 1962 664 1996 quos
686 1951 844 1984 nobilitas
869 1976 876 1983 .
900 1976 907 1983 .
931 1957 988 1983 aut
1010 1951 1122 1995 aliqua
1145 1952 1281 1995 insignis
1306 1950 1469 1983 claritudo
1492 1950 1682 1983 rumoribus
1705 1951 1881 1985 obiecerat.

208 2005 260 2047 83,
278 2005 319 2037 14
339 2005 440 2036 nimia
462 2005 570 2048 pietas
592 2010 705 2036 vestra
727 2004 837 2036 acrius
860 2028 867 2035 .
891 2028 898 2035 .
922 2004 1080 2036 excitavit
1105 2003 1161 2044 (sc.
1184 2003 1387 2043 tumultum).
1432 2003 1485 2044 30,
1511 2002 1554 2035 20
1588 2002 1777 2035 trascendet
1800 2004 1881 2037 haec

207 2057 343 2090 licentia
378 2057 413 2089 in
440 2057 640 2100 provincias.
684 2055 763 2087 Alia
801 2054 1041 2098 significatione
1076 2055 1127 2095 14,
1143 2055 1195 2097 50,
1214 2055 1234 2087 8
1265 2055 1399 2087 licentia
1428 2053 1572 2086 habendi
1603 2054 1659 2095 (sc.
1683 2054 1799 2096 libros)
1824 2056 1879 2089 ob-

207 2109 366 2141 livionem
406 2108 527 2140 attulit.
575 2108 626 2148 15,
647 2108 700 2148 20,
730 2108 771 2139 10
805 2112 975 2138 oratorum
995 2106 1130 2138 licentia
1153 2105 1302 2138 Cinciam
1326 2107 1543 2148 rogationem,
1566 2131 1573 2137 .
1597 2131 1604 2138 .
1628 2107 1881 2149 magistratuum

209 2161 351 2193 avaritia
367 2158 549 2204 Calpurnia
565 2159 648 2191 scita
668 2164 881 2202 pepererunt.
928 2158 977 2199 14,
992 2157 1045 2198 32,
1056 2157 1099 2189 22
1125 2168 1245 2201 „quam
1267 2157 1324 2197 (sc.
1347 2157 1566 2201 provinciam)
1591 2158 1732 2190 avaritia
1756 2159 1825 2191 eius
1847 2160 1881 2192 in

208 2213 335 2246 bellum
359 2210 504 2255 egerat“.
563 2211 604 2243 In
631 2210 801 2255 prioribus
830 2209 1030 2243 editionibus
1060 2221 1127 2242 non
1161 2209 1284 2252 legitur
1316 2208 1425 2252 „eius“
1463 2209 1605 2250 (addidit
1625 2209 1735 2251 Ritt.):
1768 2211 1881 2255 itaque

208 2270 382 2297 verterunt
408 2263 612 2304 Boetticher,
634 2262 798 2305 Schliiter,
819 2261 908 2294 Roth
933 2261 1057 2303 „durch
1081 2262 1170 2293 seine
1200 2261 1393 2294 habsucht“.
1437 2262 1491 2304 49,
1510 2263 1527 2294 1
1551 2262 1688 2295 libertas
1718 2262 1881 2296 Thraseae

210 2317 381 2349 servitium
409 2316 551 2349 aliorum
585 2315 686 2359 rupit.
730 2314 775 2356 ΙΙ,
798 2314 851 2357 92,
877 2314 898 2346 5
929 2325 1015 2358 quae
1039 2315 1096 2354 (sc.
1121 2312 1210 2354 odia)
1234 2338 1241 2345 .
1264 2338 1271 2345 .
1294 2314 1443 2358 pravitas
1467 2314 1648 2346 amicorum
1672 2340 1679 2347 .
1703 2340 1709 2347 .
1732 2322 1879 2349 auxerat.

213 2368 285 2409 100,
301 2369 340 2400 19
364 2368 480 2401 eadem
501 2368 577 2400 illos
602 2368 752 2411 pravitas
772 2366 939 2411 inpulerit.
985 2366 1036 2407 74,
1052 2366 1072 2398 8
1097 2366 1202 2398 omnis
1234 2367 1401 2398 exercitus
1427 2366 1655 2399 flammaverat
1684 2367 1880 2411 adrogantia

213 2444 221 2452 .
246 2445 253 2451 .
274 2420 421 2452 militum.
468 2420 518 2462 16,
540 2420 561 2452 3
595 2418 766 2452 Corsicam
799 2430 905 2463 prope
939 2417 1068 2451 adflixit
1097 2443 1103 2450 .
1127 2443 1134 2449 .
1159 2418 1386 2462 procuratoris
1408 2418 1585 2451 temeritas.
1629 2418 1688 2462 IV,
1703 2419 1808 2462 42,29
1831 2421 1877 2454 in-

210 2472 302 2503 venit
325 2472 470 2505 aemulos
494 2473 593 2505 etiam
615 2472 733 2504 infelix
755 2472 913 2516 nequitia.
958 2471 989 2513 8,
1003 2470 1043 2503 13
1066 2470 1239 2503 saevitiam
1261 2470 1403 2503 Neronis
1427 2481 1487 2515 per
1514 2471 1583 2504 eius
1606 2471 1694 2504 modi
1719 2473 1879 2516 imagines

210 2522 372 2556 inlusisse.
419 2524 447 2566 1,
474 2524 525 2566 74,
548 2524 570 2556 4
599 2524 741 2557 formam
777 2524 867 2556 vitae
896 2524 986 2565 iniit,
1012 2534 1112 2567 quam
1136 2527 1253 2567 postea
1276 2523 1443 2555 celebrem
1464 2548 1471 2555 .
1496 2548 1504 2556 .
1529 2523 1688 2556 audaciae
1710 2524 1879 2557 hominum
